%YAML 1.1
%TAG !u! tag:unity3d.com,2011:
--- !u!1 &4900105150174254618
GameObject:
  m_ObjectHideFlags: 0
  m_CorrespondingSourceObject: {fileID: 0}
  m_PrefabInstance: {fileID: 0}
  m_PrefabAsset: {fileID: 0}
  serializedVersion: 6
  m_Component:
  - component: {fileID: 4900105150174254619}
  - component: {fileID: 4900105150174254621}
  - component: {fileID: 4900105150174254620}
  m_Layer: 5
  m_Name: VolumeLabel
  m_TagString: Untagged
  m_Icon: {fileID: 0}
  m_NavMeshLayer: 0
  m_StaticEditorFlags: 0
  m_IsActive: 1
--- !u!224 &4900105150174254619
RectTransform:
  m_ObjectHideFlags: 0
  m_CorrespondingSourceObject: {fileID: 0}
  m_PrefabInstance: {fileID: 0}
  m_PrefabAsset: {fileID: 0}
  m_GameObject: {fileID: 4900105150174254618}
  m_LocalRotation: {x: -0, y: -0, z: -0, w: 1}
  m_LocalPosition: {x: 0, y: 0, z: 0}
  m_LocalScale: {x: 1.0000147, y: 1.0000147, z: 1.0000147}
  m_Children: []
  m_Father: {fileID: 4900105151808050312}
  m_RootOrder: 6
  m_LocalEulerAnglesHint: {x: 0, y: 0, z: 0}
  m_AnchorMin: {x: 0, y: 0}
  m_AnchorMax: {x: 0, y: 0}
  m_AnchoredPosition: {x: 0, y: 0}
  m_SizeDelta: {x: 0, y: 0}
  m_Pivot: {x: 0.5, y: 0.5}
--- !u!222 &4900105150174254621
CanvasRenderer:
  m_ObjectHideFlags: 0
  m_CorrespondingSourceObject: {fileID: 0}
  m_PrefabInstance: {fileID: 0}
  m_PrefabAsset: {fileID: 0}
  m_GameObject: {fileID: 4900105150174254618}
  m_CullTransparentMesh: 0
--- !u!114 &4900105150174254620
MonoBehaviour:
  m_ObjectHideFlags: 0
  m_CorrespondingSourceObject: {fileID: 0}
  m_PrefabInstance: {fileID: 0}
  m_PrefabAsset: {fileID: 0}
  m_GameObject: {fileID: 4900105150174254618}
  m_Enabled: 1
  m_EditorHideFlags: 0
  m_Script: {fileID: 708705254, guid: f70555f144d8491a825f0804e09c671c, type: 3}
  m_Name: 
  m_EditorClassIdentifier: 
  m_Material: {fileID: 0}
  m_Color: {r: 0.76470596, g: 0.76470596, b: 0.76470596, a: 1}
  m_RaycastTarget: 1
  m_OnCullStateChanged:
    m_PersistentCalls:
      m_Calls: []
    m_TypeName: UnityEngine.UI.MaskableGraphic+CullStateChangedEvent, UnityEngine.UI,
      Version=1.0.0.0, Culture=neutral, PublicKeyToken=null
  m_FontData:
    m_Font: {fileID: 12800000, guid: 4748666bf49a896498655373038eb095, type: 3}
    m_FontSize: 80
    m_FontStyle: 0
    m_BestFit: 0
    m_MinSize: 8
    m_MaxSize: 88
    m_Alignment: 3
    m_AlignByGeometry: 0
    m_RichText: 1
    m_HorizontalOverflow: 0
    m_VerticalOverflow: 0
    m_LineSpacing: 1
  m_Text: 'Volumen

    Principal'
--- !u!1 &4900105150195590890
GameObject:
  m_ObjectHideFlags: 0
  m_CorrespondingSourceObject: {fileID: 0}
  m_PrefabInstance: {fileID: 0}
  m_PrefabAsset: {fileID: 0}
  serializedVersion: 6
  m_Component:
  - component: {fileID: 4900105150195590891}
  - component: {fileID: 4900105150195590893}
  - component: {fileID: 4900105150195590892}
  m_Layer: 5
  m_Name: OptionsLabel
  m_TagString: Untagged
  m_Icon: {fileID: 0}
  m_NavMeshLayer: 0
  m_StaticEditorFlags: 0
  m_IsActive: 1
--- !u!224 &4900105150195590891
RectTransform:
  m_ObjectHideFlags: 0
  m_CorrespondingSourceObject: {fileID: 0}
  m_PrefabInstance: {fileID: 0}
  m_PrefabAsset: {fileID: 0}
  m_GameObject: {fileID: 4900105150195590890}
  m_LocalRotation: {x: -0, y: -0, z: -0, w: 1}
  m_LocalPosition: {x: 0, y: 0, z: 0}
  m_LocalScale: {x: 1.0000168, y: 1.0000168, z: 1.0000168}
  m_Children: []
  m_Father: {fileID: 4900105151033443999}
  m_RootOrder: 0
  m_LocalEulerAnglesHint: {x: 0, y: 0, z: 0}
  m_AnchorMin: {x: 0.5, y: 1}
  m_AnchorMax: {x: 0.5, y: 1}
  m_AnchoredPosition: {x: -0.000076293945, y: -200.00009}
  m_SizeDelta: {x: 1392.2, y: 261}
  m_Pivot: {x: 0.5, y: 0.5}
--- !u!222 &4900105150195590893
CanvasRenderer:
  m_ObjectHideFlags: 0
  m_CorrespondingSourceObject: {fileID: 0}
  m_PrefabInstance: {fileID: 0}
  m_PrefabAsset: {fileID: 0}
  m_GameObject: {fileID: 4900105150195590890}
  m_CullTransparentMesh: 0
--- !u!114 &4900105150195590892
MonoBehaviour:
  m_ObjectHideFlags: 0
  m_CorrespondingSourceObject: {fileID: 0}
  m_PrefabInstance: {fileID: 0}
  m_PrefabAsset: {fileID: 0}
  m_GameObject: {fileID: 4900105150195590890}
  m_Enabled: 1
  m_EditorHideFlags: 0
  m_Script: {fileID: 708705254, guid: f70555f144d8491a825f0804e09c671c, type: 3}
  m_Name: 
  m_EditorClassIdentifier: 
  m_Material: {fileID: 0}
  m_Color: {r: 0.764151, g: 0.764151, b: 0.764151, a: 1}
  m_RaycastTarget: 1
  m_OnCullStateChanged:
    m_PersistentCalls:
      m_Calls: []
    m_TypeName: UnityEngine.UI.MaskableGraphic+CullStateChangedEvent, UnityEngine.UI,
      Version=1.0.0.0, Culture=neutral, PublicKeyToken=null
  m_FontData:
    m_Font: {fileID: 12800000, guid: 4748666bf49a896498655373038eb095, type: 3}
    m_FontSize: 210
    m_FontStyle: 0
    m_BestFit: 0
    m_MinSize: 10
    m_MaxSize: 250
    m_Alignment: 4
    m_AlignByGeometry: 0
    m_RichText: 1
    m_HorizontalOverflow: 0
    m_VerticalOverflow: 0
    m_LineSpacing: 1
  m_Text: Options
--- !u!1 &4900105151033443998
GameObject:
  m_ObjectHideFlags: 0
  m_CorrespondingSourceObject: {fileID: 0}
  m_PrefabInstance: {fileID: 0}
  m_PrefabAsset: {fileID: 0}
  serializedVersion: 6
  m_Component:
  - component: {fileID: 4900105151033443999}
  - component: {fileID: 4900105151033443986}
  - component: {fileID: 4900105151033443985}
  - component: {fileID: 4900105151033443984}
  m_Layer: 5
  m_Name: OptionsMenu
  m_TagString: Untagged
  m_Icon: {fileID: 0}
  m_NavMeshLayer: 0
  m_StaticEditorFlags: 0
  m_IsActive: 1
--- !u!224 &4900105151033443999
RectTransform:
  m_ObjectHideFlags: 0
  m_CorrespondingSourceObject: {fileID: 0}
  m_PrefabInstance: {fileID: 0}
  m_PrefabAsset: {fileID: 0}
  m_GameObject: {fileID: 4900105151033443998}
  m_LocalRotation: {x: -0, y: -0, z: -0, w: 1}
  m_LocalPosition: {x: 0, y: 0, z: 0}
  m_LocalScale: {x: 1, y: 1, z: 1}
  m_Children:
  - {fileID: 4900105150195590891}
  - {fileID: 4900105151808050312}
  - {fileID: 3977156213541226335}
  m_Father: {fileID: 0}
  m_RootOrder: 0
  m_LocalEulerAnglesHint: {x: 0, y: 0, z: 0}
  m_AnchorMin: {x: 0.5, y: 0.5}
  m_AnchorMax: {x: 0.5, y: 0.5}
  m_AnchoredPosition: {x: 0, y: 0}
  m_SizeDelta: {x: 1536, y: 1849.9}
  m_Pivot: {x: 0.5, y: 0.5}
--- !u!222 &4900105151033443986
CanvasRenderer:
  m_ObjectHideFlags: 0
  m_CorrespondingSourceObject: {fileID: 0}
  m_PrefabInstance: {fileID: 0}
  m_PrefabAsset: {fileID: 0}
  m_GameObject: {fileID: 4900105151033443998}
  m_CullTransparentMesh: 0
--- !u!114 &4900105151033443985
MonoBehaviour:
  m_ObjectHideFlags: 0
  m_CorrespondingSourceObject: {fileID: 0}
  m_PrefabInstance: {fileID: 0}
  m_PrefabAsset: {fileID: 0}
  m_GameObject: {fileID: 4900105151033443998}
  m_Enabled: 1
  m_EditorHideFlags: 0
  m_Script: {fileID: -765806418, guid: f70555f144d8491a825f0804e09c671c, type: 3}
  m_Name: 
  m_EditorClassIdentifier: 
  m_Material: {fileID: 0}
  m_Color: {r: 1, g: 1, b: 1, a: 1}
  m_RaycastTarget: 1
  m_OnCullStateChanged:
    m_PersistentCalls:
      m_Calls: []
    m_TypeName: UnityEngine.UI.MaskableGraphic+CullStateChangedEvent, UnityEngine.UI,
      Version=1.0.0.0, Culture=neutral, PublicKeyToken=null
  m_Sprite: {fileID: 21300000, guid: 7066e0747291df44fa5c2bf93bee3a6e, type: 3}
  m_Type: 1
  m_PreserveAspect: 0
  m_FillCenter: 1
  m_FillMethod: 4
  m_FillAmount: 1
  m_FillClockwise: 1
  m_FillOrigin: 0
  m_UseSpriteMesh: 0
--- !u!114 &4900105151033443984
MonoBehaviour:
  m_ObjectHideFlags: 0
  m_CorrespondingSourceObject: {fileID: 0}
  m_PrefabInstance: {fileID: 0}
  m_PrefabAsset: {fileID: 0}
  m_GameObject: {fileID: 4900105151033443998}
  m_Enabled: 1
  m_EditorHideFlags: 0
  m_Script: {fileID: 11500000, guid: 79a0baf379c83274ba24b843ad5f93ff, type: 3}
  m_Name: 
  m_EditorClassIdentifier: 
  audioMixer: {fileID: 24100000, guid: 814535c2fd8cea5449b9ca10d74b18fe, type: 2}
  qualityDropdown: {fileID: 4063054386624697049}
  resolutionDropdown: {fileID: 4063054386681257914}
  fullScreenToggle: {fileID: 5368038991553538107}
  masterVolumeSlider: {fileID: 879450221472907377}
--- !u!1 &4900105151808050359
GameObject:
  m_ObjectHideFlags: 0
  m_CorrespondingSourceObject: {fileID: 0}
  m_PrefabInstance: {fileID: 0}
  m_PrefabAsset: {fileID: 0}
  serializedVersion: 6
  m_Component:
  - component: {fileID: 4900105151808050312}
  - component: {fileID: 4900105151808050315}
  - component: {fileID: 4900105151808050314}
  - component: {fileID: 4900105151808050313}
  m_Layer: 5
  m_Name: OptionsElementsPanel
  m_TagString: Untagged
  m_Icon: {fileID: 0}
  m_NavMeshLayer: 0
  m_StaticEditorFlags: 0
  m_IsActive: 1
--- !u!224 &4900105151808050312
RectTransform:
  m_ObjectHideFlags: 0
  m_CorrespondingSourceObject: {fileID: 0}
  m_PrefabInstance: {fileID: 0}
  m_PrefabAsset: {fileID: 0}
  m_GameObject: {fileID: 4900105151808050359}
  m_LocalRotation: {x: -0, y: -0, z: -0, w: 1}
  m_LocalPosition: {x: 0, y: 0, z: 0}
  m_LocalScale: {x: 1.0000168, y: 1.0000168, z: 1.0000168}
  m_Children:
  - {fileID: 4900105151843609295}
  - {fileID: 4063054386624697050}
  - {fileID: 4900105151913133915}
  - {fileID: 4063054386681257913}
  - {fileID: 4900105151816066025}
  - {fileID: 5368038991553538106}
  - {fileID: 4900105150174254619}
  - {fileID: 879450221472907382}
  m_Father: {fileID: 4900105151033443999}
  m_RootOrder: 1
  m_LocalEulerAnglesHint: {x: 0, y: 0, z: 0}
  m_AnchorMin: {x: 0.5, y: 0}
  m_AnchorMax: {x: 0.5, y: 0}
  m_AnchoredPosition: {x: -0.000076293945, y: 65.60007}
  m_SizeDelta: {x: 1400, y: 1400}
  m_Pivot: {x: 0.5, y: 0}
--- !u!222 &4900105151808050315
CanvasRenderer:
  m_ObjectHideFlags: 0
  m_CorrespondingSourceObject: {fileID: 0}
  m_PrefabInstance: {fileID: 0}
  m_PrefabAsset: {fileID: 0}
  m_GameObject: {fileID: 4900105151808050359}
  m_CullTransparentMesh: 0
--- !u!114 &4900105151808050314
MonoBehaviour:
  m_ObjectHideFlags: 0
  m_CorrespondingSourceObject: {fileID: 0}
  m_PrefabInstance: {fileID: 0}
  m_PrefabAsset: {fileID: 0}
  m_GameObject: {fileID: 4900105151808050359}
  m_Enabled: 1
  m_EditorHideFlags: 0
  m_Script: {fileID: -765806418, guid: f70555f144d8491a825f0804e09c671c, type: 3}
  m_Name: 
  m_EditorClassIdentifier: 
  m_Material: {fileID: 0}
  m_Color: {r: 0.103773594, g: 0.08957815, b: 0.08957815, a: 0.6627451}
  m_RaycastTarget: 1
  m_OnCullStateChanged:
    m_PersistentCalls:
      m_Calls: []
    m_TypeName: UnityEngine.UI.MaskableGraphic+CullStateChangedEvent, UnityEngine.UI,
      Version=1.0.0.0, Culture=neutral, PublicKeyToken=null
  m_Sprite: {fileID: 10905, guid: 0000000000000000f000000000000000, type: 0}
  m_Type: 1
  m_PreserveAspect: 0
  m_FillCenter: 1
  m_FillMethod: 4
  m_FillAmount: 1
  m_FillClockwise: 1
  m_FillOrigin: 0
  m_UseSpriteMesh: 0
--- !u!114 &4900105151808050313
MonoBehaviour:
  m_ObjectHideFlags: 0
  m_CorrespondingSourceObject: {fileID: 0}
  m_PrefabInstance: {fileID: 0}
  m_PrefabAsset: {fileID: 0}
  m_GameObject: {fileID: 4900105151808050359}
  m_Enabled: 1
  m_EditorHideFlags: 0
  m_Script: {fileID: -2095666955, guid: f70555f144d8491a825f0804e09c671c, type: 3}
  m_Name: 
  m_EditorClassIdentifier: 
  m_Padding:
    m_Left: 500
    m_Right: 500
    m_Top: 30
    m_Bottom: 400
  m_ChildAlignment: 4
  m_StartCorner: 0
  m_StartAxis: 0
  m_CellSize: {x: 640, y: 200}
  m_Spacing: {x: 0, y: 60}
  m_Constraint: 1
  m_ConstraintCount: 2
--- !u!1 &4900105151816066024
GameObject:
  m_ObjectHideFlags: 0
  m_CorrespondingSourceObject: {fileID: 0}
  m_PrefabInstance: {fileID: 0}
  m_PrefabAsset: {fileID: 0}
  serializedVersion: 6
  m_Component:
  - component: {fileID: 4900105151816066025}
  - component: {fileID: 4900105151816066027}
  - component: {fileID: 4900105151816066026}
  m_Layer: 5
  m_Name: FullScreenLabel
  m_TagString: Untagged
  m_Icon: {fileID: 0}
  m_NavMeshLayer: 0
  m_StaticEditorFlags: 0
  m_IsActive: 1
--- !u!224 &4900105151816066025
RectTransform:
  m_ObjectHideFlags: 0
  m_CorrespondingSourceObject: {fileID: 0}
  m_PrefabInstance: {fileID: 0}
  m_PrefabAsset: {fileID: 0}
  m_GameObject: {fileID: 4900105151816066024}
  m_LocalRotation: {x: -0, y: -0, z: -0, w: 1}
  m_LocalPosition: {x: 0, y: 0, z: 0}
  m_LocalScale: {x: 1.0000147, y: 1.0000147, z: 1.0000147}
  m_Children: []
  m_Father: {fileID: 4900105151808050312}
  m_RootOrder: 4
  m_LocalEulerAnglesHint: {x: 0, y: 0, z: 0}
  m_AnchorMin: {x: 0, y: 0}
  m_AnchorMax: {x: 0, y: 0}
  m_AnchoredPosition: {x: 0, y: 0}
  m_SizeDelta: {x: 0, y: 0}
  m_Pivot: {x: 0.5, y: 0.5}
--- !u!222 &4900105151816066027
CanvasRenderer:
  m_ObjectHideFlags: 0
  m_CorrespondingSourceObject: {fileID: 0}
  m_PrefabInstance: {fileID: 0}
  m_PrefabAsset: {fileID: 0}
  m_GameObject: {fileID: 4900105151816066024}
  m_CullTransparentMesh: 0
--- !u!114 &4900105151816066026
MonoBehaviour:
  m_ObjectHideFlags: 0
  m_CorrespondingSourceObject: {fileID: 0}
  m_PrefabInstance: {fileID: 0}
  m_PrefabAsset: {fileID: 0}
  m_GameObject: {fileID: 4900105151816066024}
  m_Enabled: 1
  m_EditorHideFlags: 0
  m_Script: {fileID: 708705254, guid: f70555f144d8491a825f0804e09c671c, type: 3}
  m_Name: 
  m_EditorClassIdentifier: 
  m_Material: {fileID: 0}
  m_Color: {r: 0.76470596, g: 0.76470596, b: 0.76470596, a: 1}
  m_RaycastTarget: 1
  m_OnCullStateChanged:
    m_PersistentCalls:
      m_Calls: []
    m_TypeName: UnityEngine.UI.MaskableGraphic+CullStateChangedEvent, UnityEngine.UI,
      Version=1.0.0.0, Culture=neutral, PublicKeyToken=null
  m_FontData:
    m_Font: {fileID: 12800000, guid: 4748666bf49a896498655373038eb095, type: 3}
    m_FontSize: 80
    m_FontStyle: 0
    m_BestFit: 0
    m_MinSize: 8
    m_MaxSize: 88
    m_Alignment: 3
    m_AlignByGeometry: 0
    m_RichText: 1
    m_HorizontalOverflow: 0
    m_VerticalOverflow: 0
    m_LineSpacing: 1
  m_Text: 'Pantalla

    Completa'
--- !u!1 &4900105151843609294
GameObject:
  m_ObjectHideFlags: 0
  m_CorrespondingSourceObject: {fileID: 0}
  m_PrefabInstance: {fileID: 0}
  m_PrefabAsset: {fileID: 0}
  serializedVersion: 6
  m_Component:
  - component: {fileID: 4900105151843609295}
  - component: {fileID: 4900105151843609281}
  - component: {fileID: 4900105151843609280}
  m_Layer: 5
  m_Name: GraphicsLabel
  m_TagString: Untagged
  m_Icon: {fileID: 0}
  m_NavMeshLayer: 0
  m_StaticEditorFlags: 0
  m_IsActive: 1
--- !u!224 &4900105151843609295
RectTransform:
  m_ObjectHideFlags: 0
  m_CorrespondingSourceObject: {fileID: 0}
  m_PrefabInstance: {fileID: 0}
  m_PrefabAsset: {fileID: 0}
  m_GameObject: {fileID: 4900105151843609294}
  m_LocalRotation: {x: -0, y: -0, z: -0, w: 1}
  m_LocalPosition: {x: 0, y: 0, z: 0}
  m_LocalScale: {x: 1.0000147, y: 1.0000147, z: 1.0000147}
  m_Children: []
  m_Father: {fileID: 4900105151808050312}
  m_RootOrder: 0
  m_LocalEulerAnglesHint: {x: 0, y: 0, z: 0}
  m_AnchorMin: {x: 0, y: 0}
  m_AnchorMax: {x: 0, y: 0}
  m_AnchoredPosition: {x: 0, y: 0}
  m_SizeDelta: {x: 0, y: 0}
  m_Pivot: {x: 0.5, y: 0.5}
--- !u!222 &4900105151843609281
CanvasRenderer:
  m_ObjectHideFlags: 0
  m_CorrespondingSourceObject: {fileID: 0}
  m_PrefabInstance: {fileID: 0}
  m_PrefabAsset: {fileID: 0}
  m_GameObject: {fileID: 4900105151843609294}
  m_CullTransparentMesh: 0
--- !u!114 &4900105151843609280
MonoBehaviour:
  m_ObjectHideFlags: 0
  m_CorrespondingSourceObject: {fileID: 0}
  m_PrefabInstance: {fileID: 0}
  m_PrefabAsset: {fileID: 0}
  m_GameObject: {fileID: 4900105151843609294}
  m_Enabled: 1
  m_EditorHideFlags: 0
  m_Script: {fileID: 708705254, guid: f70555f144d8491a825f0804e09c671c, type: 3}
  m_Name: 
  m_EditorClassIdentifier: 
  m_Material: {fileID: 0}
  m_Color: {r: 0.76470596, g: 0.76470596, b: 0.76470596, a: 1}
  m_RaycastTarget: 1
  m_OnCullStateChanged:
    m_PersistentCalls:
      m_Calls: []
    m_TypeName: UnityEngine.UI.MaskableGraphic+CullStateChangedEvent, UnityEngine.UI,
      Version=1.0.0.0, Culture=neutral, PublicKeyToken=null
  m_FontData:
    m_Font: {fileID: 12800000, guid: 4748666bf49a896498655373038eb095, type: 3}
    m_FontSize: 80
    m_FontStyle: 0
    m_BestFit: 0
    m_MinSize: 8
    m_MaxSize: 88
    m_Alignment: 3
    m_AlignByGeometry: 0
    m_RichText: 1
    m_HorizontalOverflow: 0
    m_VerticalOverflow: 0
    m_LineSpacing: 1
  m_Text: "Perfil\nGr\xE1fico"
--- !u!1 &4900105151913133914
GameObject:
  m_ObjectHideFlags: 0
  m_CorrespondingSourceObject: {fileID: 0}
  m_PrefabInstance: {fileID: 0}
  m_PrefabAsset: {fileID: 0}
  serializedVersion: 6
  m_Component:
  - component: {fileID: 4900105151913133915}
  - component: {fileID: 4900105151913133917}
  - component: {fileID: 4900105151913133916}
  m_Layer: 5
  m_Name: ResolutionLabel
  m_TagString: Untagged
  m_Icon: {fileID: 0}
  m_NavMeshLayer: 0
  m_StaticEditorFlags: 0
  m_IsActive: 1
--- !u!224 &4900105151913133915
RectTransform:
  m_ObjectHideFlags: 0
  m_CorrespondingSourceObject: {fileID: 0}
  m_PrefabInstance: {fileID: 0}
  m_PrefabAsset: {fileID: 0}
  m_GameObject: {fileID: 4900105151913133914}
  m_LocalRotation: {x: -0, y: -0, z: -0, w: 1}
  m_LocalPosition: {x: 0, y: 0, z: 0}
  m_LocalScale: {x: 1.0000147, y: 1.0000147, z: 1.0000147}
  m_Children: []
  m_Father: {fileID: 4900105151808050312}
  m_RootOrder: 2
  m_LocalEulerAnglesHint: {x: 0, y: 0, z: 0}
  m_AnchorMin: {x: 0, y: 0}
  m_AnchorMax: {x: 0, y: 0}
  m_AnchoredPosition: {x: 0, y: 0}
  m_SizeDelta: {x: 0, y: 0}
  m_Pivot: {x: 0.5, y: 0.5}
--- !u!222 &4900105151913133917
CanvasRenderer:
  m_ObjectHideFlags: 0
  m_CorrespondingSourceObject: {fileID: 0}
  m_PrefabInstance: {fileID: 0}
  m_PrefabAsset: {fileID: 0}
  m_GameObject: {fileID: 4900105151913133914}
  m_CullTransparentMesh: 0
--- !u!114 &4900105151913133916
MonoBehaviour:
  m_ObjectHideFlags: 0
  m_CorrespondingSourceObject: {fileID: 0}
  m_PrefabInstance: {fileID: 0}
  m_PrefabAsset: {fileID: 0}
  m_GameObject: {fileID: 4900105151913133914}
  m_Enabled: 1
  m_EditorHideFlags: 0
  m_Script: {fileID: 708705254, guid: f70555f144d8491a825f0804e09c671c, type: 3}
  m_Name: 
  m_EditorClassIdentifier: 
  m_Material: {fileID: 0}
  m_Color: {r: 0.76470596, g: 0.76470596, b: 0.76470596, a: 1}
  m_RaycastTarget: 1
  m_OnCullStateChanged:
    m_PersistentCalls:
      m_Calls: []
    m_TypeName: UnityEngine.UI.MaskableGraphic+CullStateChangedEvent, UnityEngine.UI,
      Version=1.0.0.0, Culture=neutral, PublicKeyToken=null
  m_FontData:
    m_Font: {fileID: 12800000, guid: 4748666bf49a896498655373038eb095, type: 3}
    m_FontSize: 80
    m_FontStyle: 0
    m_BestFit: 0
    m_MinSize: 8
    m_MaxSize: 88
    m_Alignment: 3
    m_AlignByGeometry: 0
    m_RichText: 1
    m_HorizontalOverflow: 0
    m_VerticalOverflow: 0
    m_LineSpacing: 1
  m_Text: "Resoluci\xF3n de\nPantalla"
--- !u!1001 &4900105150112380046
PrefabInstance:
  m_ObjectHideFlags: 0
  serializedVersion: 2
  m_Modification:
    m_TransformParent: {fileID: 4900105151808050312}
    m_Modifications:
    - target: {fileID: 5203000061265097977, guid: f414c21b7b2cdc24f854fc8b600cb2aa,
        type: 3}
      propertyPath: m_Name
      value: VolumeSlider
      objectReference: {fileID: 0}
    - target: {fileID: 5203000061265097976, guid: f414c21b7b2cdc24f854fc8b600cb2aa,
        type: 3}
      propertyPath: m_RootOrder
      value: 7
      objectReference: {fileID: 0}
    - target: {fileID: 5203000061265097976, guid: f414c21b7b2cdc24f854fc8b600cb2aa,
        type: 3}
      propertyPath: m_AnchorMin.y
      value: 0
      objectReference: {fileID: 0}
    - target: {fileID: 5203000061265097976, guid: f414c21b7b2cdc24f854fc8b600cb2aa,
        type: 3}
      propertyPath: m_AnchorMax.y
      value: 0
      objectReference: {fileID: 0}
    - target: {fileID: 5203000061265097976, guid: f414c21b7b2cdc24f854fc8b600cb2aa,
        type: 3}
      propertyPath: m_AnchoredPosition.x
      value: 0
      objectReference: {fileID: 0}
    - target: {fileID: 5203000061265097976, guid: f414c21b7b2cdc24f854fc8b600cb2aa,
        type: 3}
      propertyPath: m_AnchoredPosition.y
      value: 0
      objectReference: {fileID: 0}
    - target: {fileID: 5203000061265097976, guid: f414c21b7b2cdc24f854fc8b600cb2aa,
        type: 3}
      propertyPath: m_SizeDelta.x
      value: 0
      objectReference: {fileID: 0}
    - target: {fileID: 5203000061265097976, guid: f414c21b7b2cdc24f854fc8b600cb2aa,
        type: 3}
      propertyPath: m_SizeDelta.y
      value: 0
      objectReference: {fileID: 0}
    - target: {fileID: 5203000060868477534, guid: f414c21b7b2cdc24f854fc8b600cb2aa,
        type: 3}
      propertyPath: m_AnchorMax.x
      value: 0
      objectReference: {fileID: 0}
    - target: {fileID: 5203000060868477534, guid: f414c21b7b2cdc24f854fc8b600cb2aa,
        type: 3}
      propertyPath: m_AnchorMax.y
      value: 0
      objectReference: {fileID: 0}
    - target: {fileID: 5203000061265097983, guid: f414c21b7b2cdc24f854fc8b600cb2aa,
        type: 3}
      propertyPath: m_OnValueChanged.m_PersistentCalls.m_Calls.Array.data[0].m_Target
      value: 
      objectReference: {fileID: 4900105151033443984}
    - target: {fileID: 5203000061265097983, guid: f414c21b7b2cdc24f854fc8b600cb2aa,
        type: 3}
      propertyPath: m_OnValueChanged.m_PersistentCalls.m_Calls.Array.data[0].m_MethodName
      value: setVolume
      objectReference: {fileID: 0}
    - target: {fileID: 5203000061853277016, guid: f414c21b7b2cdc24f854fc8b600cb2aa,
        type: 3}
      propertyPath: m_AnchorMin.x
      value: 0
      objectReference: {fileID: 0}
    - target: {fileID: 5203000061853277016, guid: f414c21b7b2cdc24f854fc8b600cb2aa,
        type: 3}
      propertyPath: m_AnchorMax.x
      value: 0
      objectReference: {fileID: 0}
    - target: {fileID: 5203000061853277016, guid: f414c21b7b2cdc24f854fc8b600cb2aa,
        type: 3}
      propertyPath: m_AnchorMax.y
      value: 0
      objectReference: {fileID: 0}
    m_RemovedComponents: []
  m_SourcePrefab: {fileID: 100100000, guid: f414c21b7b2cdc24f854fc8b600cb2aa, type: 3}
--- !u!224 &879450221472907382 stripped
RectTransform:
  m_CorrespondingSourceObject: {fileID: 5203000061265097976, guid: f414c21b7b2cdc24f854fc8b600cb2aa,
    type: 3}
  m_PrefabInstance: {fileID: 4900105150112380046}
  m_PrefabAsset: {fileID: 0}
--- !u!114 &879450221472907377 stripped
MonoBehaviour:
  m_CorrespondingSourceObject: {fileID: 5203000061265097983, guid: f414c21b7b2cdc24f854fc8b600cb2aa,
    type: 3}
  m_PrefabInstance: {fileID: 4900105150112380046}
  m_PrefabAsset: {fileID: 0}
  m_GameObject: {fileID: 0}
  m_Enabled: 1
  m_EditorHideFlags: 0
  m_Script: {fileID: -113659843, guid: f70555f144d8491a825f0804e09c671c, type: 3}
  m_Name: 
  m_EditorClassIdentifier: 
--- !u!1001 &4900105150623653052
PrefabInstance:
  m_ObjectHideFlags: 0
  serializedVersion: 2
  m_Modification:
    m_TransformParent: {fileID: 4900105151808050312}
    m_Modifications:
    - target: {fileID: 8962855797210383108, guid: 8ced0b953af8a6b45b3bdbd8d26fad03,
        type: 3}
      propertyPath: m_Name
      value: ResolutionDropdown
      objectReference: {fileID: 0}
    - target: {fileID: 8962855797210383109, guid: 8ced0b953af8a6b45b3bdbd8d26fad03,
        type: 3}
      propertyPath: m_RootOrder
      value: 3
      objectReference: {fileID: 0}
    - target: {fileID: 8962855797210383109, guid: 8ced0b953af8a6b45b3bdbd8d26fad03,
        type: 3}
      propertyPath: m_AnchorMin.y
      value: 0
      objectReference: {fileID: 0}
    - target: {fileID: 8962855797210383109, guid: 8ced0b953af8a6b45b3bdbd8d26fad03,
        type: 3}
      propertyPath: m_AnchorMax.y
      value: 0
      objectReference: {fileID: 0}
    - target: {fileID: 8962855797210383109, guid: 8ced0b953af8a6b45b3bdbd8d26fad03,
        type: 3}
      propertyPath: m_AnchoredPosition.x
      value: 0
      objectReference: {fileID: 0}
    - target: {fileID: 8962855797210383109, guid: 8ced0b953af8a6b45b3bdbd8d26fad03,
        type: 3}
      propertyPath: m_AnchoredPosition.y
      value: 0
      objectReference: {fileID: 0}
    - target: {fileID: 8962855797210383109, guid: 8ced0b953af8a6b45b3bdbd8d26fad03,
        type: 3}
      propertyPath: m_SizeDelta.x
      value: 0
      objectReference: {fileID: 0}
    - target: {fileID: 8962855797210383109, guid: 8ced0b953af8a6b45b3bdbd8d26fad03,
        type: 3}
      propertyPath: m_SizeDelta.y
      value: 0
      objectReference: {fileID: 0}
    - target: {fileID: 8962855797210383110, guid: 8ced0b953af8a6b45b3bdbd8d26fad03,
        type: 3}
      propertyPath: m_OnValueChanged.m_PersistentCalls.m_Calls.Array.size
      value: 1
      objectReference: {fileID: 0}
    - target: {fileID: 8962855797210383110, guid: 8ced0b953af8a6b45b3bdbd8d26fad03,
        type: 3}
      propertyPath: m_OnValueChanged.m_PersistentCalls.m_Calls.Array.data[0].m_Target
      value: 
      objectReference: {fileID: 4900105151033443984}
    - target: {fileID: 8962855797210383110, guid: 8ced0b953af8a6b45b3bdbd8d26fad03,
        type: 3}
      propertyPath: m_OnValueChanged.m_PersistentCalls.m_Calls.Array.data[0].m_MethodName
      value: setResolution
      objectReference: {fileID: 0}
    - target: {fileID: 8962855797210383110, guid: 8ced0b953af8a6b45b3bdbd8d26fad03,
        type: 3}
      propertyPath: m_OnValueChanged.m_PersistentCalls.m_Calls.Array.data[0].m_Arguments.m_ObjectArgumentAssemblyTypeName
      value: UnityEngine.Object, UnityEngine
      objectReference: {fileID: 0}
    - target: {fileID: 8962855797210383110, guid: 8ced0b953af8a6b45b3bdbd8d26fad03,
        type: 3}
      propertyPath: m_OnValueChanged.m_PersistentCalls.m_Calls.Array.data[0].m_CallState
      value: 2
      objectReference: {fileID: 0}
    m_RemovedComponents: []
  m_SourcePrefab: {fileID: 100100000, guid: 8ced0b953af8a6b45b3bdbd8d26fad03, type: 3}
--- !u!224 &4063054386681257913 stripped
RectTransform:
  m_CorrespondingSourceObject: {fileID: 8962855797210383109, guid: 8ced0b953af8a6b45b3bdbd8d26fad03,
    type: 3}
  m_PrefabInstance: {fileID: 4900105150623653052}
  m_PrefabAsset: {fileID: 0}
--- !u!114 &4063054386681257914 stripped
MonoBehaviour:
  m_CorrespondingSourceObject: {fileID: 8962855797210383110, guid: 8ced0b953af8a6b45b3bdbd8d26fad03,
    type: 3}
  m_PrefabInstance: {fileID: 4900105150623653052}
  m_PrefabAsset: {fileID: 0}
  m_GameObject: {fileID: 0}
  m_Enabled: 1
  m_EditorHideFlags: 0
  m_Script: {fileID: 853051423, guid: f70555f144d8491a825f0804e09c671c, type: 3}
  m_Name: 
  m_EditorClassIdentifier: 
--- !u!1001 &4900105150676144607
PrefabInstance:
  m_ObjectHideFlags: 0
  serializedVersion: 2
  m_Modification:
    m_TransformParent: {fileID: 4900105151808050312}
    m_Modifications:
    - target: {fileID: 8962855797210383108, guid: 8ced0b953af8a6b45b3bdbd8d26fad03,
        type: 3}
      propertyPath: m_Name
      value: GraphicsDropdown
      objectReference: {fileID: 0}
    - target: {fileID: 8962855797210383109, guid: 8ced0b953af8a6b45b3bdbd8d26fad03,
        type: 3}
      propertyPath: m_RootOrder
      value: 1
      objectReference: {fileID: 0}
    - target: {fileID: 8962855797210383109, guid: 8ced0b953af8a6b45b3bdbd8d26fad03,
        type: 3}
      propertyPath: m_LocalPosition.x
      value: 0
      objectReference: {fileID: 0}
    - target: {fileID: 8962855797210383109, guid: 8ced0b953af8a6b45b3bdbd8d26fad03,
        type: 3}
      propertyPath: m_LocalPosition.y
      value: 0
      objectReference: {fileID: 0}
    - target: {fileID: 8962855797210383109, guid: 8ced0b953af8a6b45b3bdbd8d26fad03,
        type: 3}
      propertyPath: m_LocalPosition.z
      value: 0
      objectReference: {fileID: 0}
    - target: {fileID: 8962855797210383109, guid: 8ced0b953af8a6b45b3bdbd8d26fad03,
        type: 3}
      propertyPath: m_LocalRotation.x
      value: -0
      objectReference: {fileID: 0}
    - target: {fileID: 8962855797210383109, guid: 8ced0b953af8a6b45b3bdbd8d26fad03,
        type: 3}
      propertyPath: m_LocalRotation.y
      value: -0
      objectReference: {fileID: 0}
    - target: {fileID: 8962855797210383109, guid: 8ced0b953af8a6b45b3bdbd8d26fad03,
        type: 3}
      propertyPath: m_LocalRotation.z
      value: -0
      objectReference: {fileID: 0}
    - target: {fileID: 8962855797210383109, guid: 8ced0b953af8a6b45b3bdbd8d26fad03,
        type: 3}
      propertyPath: m_LocalRotation.w
      value: 1
      objectReference: {fileID: 0}
    - target: {fileID: 8962855797210383109, guid: 8ced0b953af8a6b45b3bdbd8d26fad03,
        type: 3}
      propertyPath: m_LocalEulerAnglesHint.x
      value: 0
      objectReference: {fileID: 0}
    - target: {fileID: 8962855797210383109, guid: 8ced0b953af8a6b45b3bdbd8d26fad03,
        type: 3}
      propertyPath: m_LocalEulerAnglesHint.y
      value: 0
      objectReference: {fileID: 0}
    - target: {fileID: 8962855797210383109, guid: 8ced0b953af8a6b45b3bdbd8d26fad03,
        type: 3}
      propertyPath: m_LocalEulerAnglesHint.z
      value: 0
      objectReference: {fileID: 0}
    - target: {fileID: 8962855797210383109, guid: 8ced0b953af8a6b45b3bdbd8d26fad03,
        type: 3}
      propertyPath: m_AnchoredPosition.x
      value: 0
      objectReference: {fileID: 0}
    - target: {fileID: 8962855797210383109, guid: 8ced0b953af8a6b45b3bdbd8d26fad03,
        type: 3}
      propertyPath: m_AnchoredPosition.y
      value: 0
      objectReference: {fileID: 0}
    - target: {fileID: 8962855797210383109, guid: 8ced0b953af8a6b45b3bdbd8d26fad03,
        type: 3}
      propertyPath: m_SizeDelta.x
      value: 0
      objectReference: {fileID: 0}
    - target: {fileID: 8962855797210383109, guid: 8ced0b953af8a6b45b3bdbd8d26fad03,
        type: 3}
      propertyPath: m_SizeDelta.y
      value: 0
      objectReference: {fileID: 0}
    - target: {fileID: 8962855797210383109, guid: 8ced0b953af8a6b45b3bdbd8d26fad03,
        type: 3}
      propertyPath: m_AnchorMin.x
      value: 0
      objectReference: {fileID: 0}
    - target: {fileID: 8962855797210383109, guid: 8ced0b953af8a6b45b3bdbd8d26fad03,
        type: 3}
      propertyPath: m_AnchorMin.y
      value: 0
      objectReference: {fileID: 0}
    - target: {fileID: 8962855797210383109, guid: 8ced0b953af8a6b45b3bdbd8d26fad03,
        type: 3}
      propertyPath: m_AnchorMax.x
      value: 0
      objectReference: {fileID: 0}
    - target: {fileID: 8962855797210383109, guid: 8ced0b953af8a6b45b3bdbd8d26fad03,
        type: 3}
      propertyPath: m_AnchorMax.y
      value: 0
      objectReference: {fileID: 0}
    - target: {fileID: 8962855797210383109, guid: 8ced0b953af8a6b45b3bdbd8d26fad03,
        type: 3}
      propertyPath: m_Pivot.x
      value: 0.5
      objectReference: {fileID: 0}
    - target: {fileID: 8962855797210383109, guid: 8ced0b953af8a6b45b3bdbd8d26fad03,
        type: 3}
      propertyPath: m_Pivot.y
      value: 0.5
      objectReference: {fileID: 0}
    - target: {fileID: 8962855797210383110, guid: 8ced0b953af8a6b45b3bdbd8d26fad03,
        type: 3}
      propertyPath: m_OnValueChanged.m_PersistentCalls.m_Calls.Array.size
      value: 1
      objectReference: {fileID: 0}
    - target: {fileID: 8962855797210383110, guid: 8ced0b953af8a6b45b3bdbd8d26fad03,
        type: 3}
      propertyPath: m_OnValueChanged.m_PersistentCalls.m_Calls.Array.data[0].m_Mode
      value: 0
      objectReference: {fileID: 0}
    - target: {fileID: 8962855797210383110, guid: 8ced0b953af8a6b45b3bdbd8d26fad03,
        type: 3}
      propertyPath: m_OnValueChanged.m_PersistentCalls.m_Calls.Array.data[0].m_CallState
      value: 2
      objectReference: {fileID: 0}
    - target: {fileID: 8962855797210383110, guid: 8ced0b953af8a6b45b3bdbd8d26fad03,
        type: 3}
      propertyPath: m_OnValueChanged.m_PersistentCalls.m_Calls.Array.data[0].m_Target
      value: 
      objectReference: {fileID: 4900105151033443984}
    - target: {fileID: 8962855797210383110, guid: 8ced0b953af8a6b45b3bdbd8d26fad03,
        type: 3}
      propertyPath: m_OnValueChanged.m_PersistentCalls.m_Calls.Array.data[0].m_MethodName
      value: setQualitySettings
      objectReference: {fileID: 0}
    - target: {fileID: 8962855797210383110, guid: 8ced0b953af8a6b45b3bdbd8d26fad03,
        type: 3}
      propertyPath: m_OnValueChanged.m_PersistentCalls.m_Calls.Array.data[0].m_Arguments.m_ObjectArgumentAssemblyTypeName
      value: UnityEngine.Object, UnityEngine
      objectReference: {fileID: 0}
    - target: {fileID: 8962855796804005810, guid: 8ced0b953af8a6b45b3bdbd8d26fad03,
        type: 3}
      propertyPath: m_AnchorMax.x
      value: 1
      objectReference: {fileID: 0}
    - target: {fileID: 8962855796804005810, guid: 8ced0b953af8a6b45b3bdbd8d26fad03,
        type: 3}
      propertyPath: m_AnchorMax.y
      value: 1
      objectReference: {fileID: 0}
    - target: {fileID: 8962855798012888951, guid: 8ced0b953af8a6b45b3bdbd8d26fad03,
        type: 3}
      propertyPath: m_IsActive
      value: 0
      objectReference: {fileID: 0}
    - target: {fileID: 8962855796994592212, guid: 8ced0b953af8a6b45b3bdbd8d26fad03,
        type: 3}
      propertyPath: m_AnchorMax.x
      value: 1
      objectReference: {fileID: 0}
    - target: {fileID: 8962855796994592212, guid: 8ced0b953af8a6b45b3bdbd8d26fad03,
        type: 3}
      propertyPath: m_AnchorMax.y
      value: 1
      objectReference: {fileID: 0}
    m_RemovedComponents: []
  m_SourcePrefab: {fileID: 100100000, guid: 8ced0b953af8a6b45b3bdbd8d26fad03, type: 3}
--- !u!114 &4063054386624697049 stripped
MonoBehaviour:
  m_CorrespondingSourceObject: {fileID: 8962855797210383110, guid: 8ced0b953af8a6b45b3bdbd8d26fad03,
    type: 3}
  m_PrefabInstance: {fileID: 4900105150676144607}
  m_PrefabAsset: {fileID: 0}
  m_GameObject: {fileID: 0}
  m_Enabled: 1
  m_EditorHideFlags: 0
  m_Script: {fileID: 853051423, guid: f70555f144d8491a825f0804e09c671c, type: 3}
  m_Name: 
  m_EditorClassIdentifier: 
--- !u!224 &4063054386624697050 stripped
RectTransform:
  m_CorrespondingSourceObject: {fileID: 8962855797210383109, guid: 8ced0b953af8a6b45b3bdbd8d26fad03,
    type: 3}
  m_PrefabInstance: {fileID: 4900105150676144607}
  m_PrefabAsset: {fileID: 0}
--- !u!1001 &4900105150843661248
PrefabInstance:
  m_ObjectHideFlags: 0
  serializedVersion: 2
  m_Modification:
    m_TransformParent: {fileID: 4900105151808050312}
    m_Modifications:
    - target: {fileID: 1044747881453945849, guid: 78f7a8968920d6b4e80f3f16d518e9ff,
        type: 3}
      propertyPath: m_Name
      value: FullScreenToogle
      objectReference: {fileID: 0}
    - target: {fileID: 1044747881453945850, guid: 78f7a8968920d6b4e80f3f16d518e9ff,
        type: 3}
      propertyPath: m_RootOrder
      value: 5
      objectReference: {fileID: 0}
    - target: {fileID: 1044747881453945850, guid: 78f7a8968920d6b4e80f3f16d518e9ff,
        type: 3}
      propertyPath: m_AnchorMin.y
      value: 0
      objectReference: {fileID: 0}
    - target: {fileID: 1044747881453945850, guid: 78f7a8968920d6b4e80f3f16d518e9ff,
        type: 3}
      propertyPath: m_AnchorMax.y
      value: 0
      objectReference: {fileID: 0}
    - target: {fileID: 1044747881453945850, guid: 78f7a8968920d6b4e80f3f16d518e9ff,
        type: 3}
      propertyPath: m_AnchoredPosition.x
      value: 0
      objectReference: {fileID: 0}
    - target: {fileID: 1044747881453945850, guid: 78f7a8968920d6b4e80f3f16d518e9ff,
        type: 3}
      propertyPath: m_AnchoredPosition.y
      value: 0
      objectReference: {fileID: 0}
    - target: {fileID: 1044747881453945850, guid: 78f7a8968920d6b4e80f3f16d518e9ff,
        type: 3}
      propertyPath: m_SizeDelta.x
      value: 0
      objectReference: {fileID: 0}
    - target: {fileID: 1044747881453945850, guid: 78f7a8968920d6b4e80f3f16d518e9ff,
        type: 3}
      propertyPath: m_SizeDelta.y
      value: 0
      objectReference: {fileID: 0}
    - target: {fileID: 1044747881453945851, guid: 78f7a8968920d6b4e80f3f16d518e9ff,
        type: 3}
      propertyPath: onValueChanged.m_PersistentCalls.m_Calls.Array.size
      value: 1
      objectReference: {fileID: 0}
    - target: {fileID: 1044747881453945851, guid: 78f7a8968920d6b4e80f3f16d518e9ff,
        type: 3}
      propertyPath: onValueChanged.m_PersistentCalls.m_Calls.Array.data[0].m_Target
      value: 
      objectReference: {fileID: 4900105151033443984}
    - target: {fileID: 1044747881453945851, guid: 78f7a8968920d6b4e80f3f16d518e9ff,
        type: 3}
      propertyPath: onValueChanged.m_PersistentCalls.m_Calls.Array.data[0].m_MethodName
      value: setFullScreen
      objectReference: {fileID: 0}
    - target: {fileID: 1044747881453945851, guid: 78f7a8968920d6b4e80f3f16d518e9ff,
        type: 3}
      propertyPath: onValueChanged.m_PersistentCalls.m_Calls.Array.data[0].m_Arguments.m_ObjectArgumentAssemblyTypeName
      value: UnityEngine.Object, UnityEngine
      objectReference: {fileID: 0}
    - target: {fileID: 1044747881453945851, guid: 78f7a8968920d6b4e80f3f16d518e9ff,
        type: 3}
      propertyPath: onValueChanged.m_PersistentCalls.m_Calls.Array.data[0].m_CallState
      value: 2
      objectReference: {fileID: 0}
    m_RemovedComponents: []
  m_SourcePrefab: {fileID: 100100000, guid: 78f7a8968920d6b4e80f3f16d518e9ff, type: 3}
--- !u!224 &5368038991553538106 stripped
RectTransform:
  m_CorrespondingSourceObject: {fileID: 1044747881453945850, guid: 78f7a8968920d6b4e80f3f16d518e9ff,
    type: 3}
  m_PrefabInstance: {fileID: 4900105150843661248}
  m_PrefabAsset: {fileID: 0}
--- !u!114 &5368038991553538107 stripped
MonoBehaviour:
  m_CorrespondingSourceObject: {fileID: 1044747881453945851, guid: 78f7a8968920d6b4e80f3f16d518e9ff,
    type: 3}
  m_PrefabInstance: {fileID: 4900105150843661248}
  m_PrefabAsset: {fileID: 0}
  m_GameObject: {fileID: 0}
  m_Enabled: 1
  m_EditorHideFlags: 0
  m_Script: {fileID: 2109663825, guid: f70555f144d8491a825f0804e09c671c, type: 3}
  m_Name: 
  m_EditorClassIdentifier: 
--- !u!1001 &4900105151533113507
PrefabInstance:
  m_ObjectHideFlags: 0
  serializedVersion: 2
  m_Modification:
    m_TransformParent: {fileID: 4900105151033443999}
    m_Modifications:
    - target: {fileID: 8300443271355541501, guid: 7cb5b7ad7a7d94b45b8bfe1031bbbf5e,
        type: 3}
      propertyPath: m_Name
      value: BackButton
      objectReference: {fileID: 0}
    - target: {fileID: 8300443271355541500, guid: 7cb5b7ad7a7d94b45b8bfe1031bbbf5e,
        type: 3}
      propertyPath: m_AnchoredPosition.x
      value: 0
      objectReference: {fileID: 0}
    - target: {fileID: 8300443271355541500, guid: 7cb5b7ad7a7d94b45b8bfe1031bbbf5e,
        type: 3}
      propertyPath: m_AnchoredPosition.y
      value: 232.19312
      objectReference: {fileID: 0}
    - target: {fileID: 8300443271355541500, guid: 7cb5b7ad7a7d94b45b8bfe1031bbbf5e,
        type: 3}
      propertyPath: m_RootOrder
      value: 2
      objectReference: {fileID: 0}
    - target: {fileID: 8300443271355541500, guid: 7cb5b7ad7a7d94b45b8bfe1031bbbf5e,
        type: 3}
      propertyPath: m_AnchorMin.x
      value: 0.5
      objectReference: {fileID: 0}
    - target: {fileID: 8300443271355541500, guid: 7cb5b7ad7a7d94b45b8bfe1031bbbf5e,
        type: 3}
      propertyPath: m_AnchorMin.y
      value: 0
      objectReference: {fileID: 0}
    - target: {fileID: 8300443271355541500, guid: 7cb5b7ad7a7d94b45b8bfe1031bbbf5e,
        type: 3}
      propertyPath: m_AnchorMax.x
      value: 0.5
      objectReference: {fileID: 0}
    - target: {fileID: 8300443271355541500, guid: 7cb5b7ad7a7d94b45b8bfe1031bbbf5e,
        type: 3}
      propertyPath: m_AnchorMax.y
      value: 0
      objectReference: {fileID: 0}
    - target: {fileID: 8300443271355541500, guid: 7cb5b7ad7a7d94b45b8bfe1031bbbf5e,
        type: 3}
      propertyPath: m_SizeDelta.x
      value: 640
      objectReference: {fileID: 0}
    - target: {fileID: 8300443271355541500, guid: 7cb5b7ad7a7d94b45b8bfe1031bbbf5e,
        type: 3}
      propertyPath: m_SizeDelta.y
      value: 200
      objectReference: {fileID: 0}
    - target: {fileID: 8300443270570761521, guid: 7cb5b7ad7a7d94b45b8bfe1031bbbf5e,
        type: 3}
      propertyPath: m_Name
      value: BackButtonLabel
      objectReference: {fileID: 0}
    - target: {fileID: 8300443271355541475, guid: 7cb5b7ad7a7d94b45b8bfe1031bbbf5e,
        type: 3}
      propertyPath: m_OnClick.m_PersistentCalls.m_Calls.Array.size
      value: 2
      objectReference: {fileID: 0}
    - target: {fileID: 8300443271355541475, guid: 7cb5b7ad7a7d94b45b8bfe1031bbbf5e,
        type: 3}
      propertyPath: m_OnClick.m_PersistentCalls.m_Calls.Array.data[0].m_Target
      value: 
      objectReference: {fileID: 0}
    - target: {fileID: 8300443271355541475, guid: 7cb5b7ad7a7d94b45b8bfe1031bbbf5e,
        type: 3}
      propertyPath: m_OnClick.m_PersistentCalls.m_Calls.Array.data[0].m_MethodName
      value: SetActive
      objectReference: {fileID: 0}
    - target: {fileID: 8300443271355541475, guid: 7cb5b7ad7a7d94b45b8bfe1031bbbf5e,
        type: 3}
      propertyPath: m_OnClick.m_PersistentCalls.m_Calls.Array.data[0].m_Mode
      value: 6
      objectReference: {fileID: 0}
    - target: {fileID: 8300443271355541475, guid: 7cb5b7ad7a7d94b45b8bfe1031bbbf5e,
        type: 3}
      propertyPath: m_OnClick.m_PersistentCalls.m_Calls.Array.data[0].m_Arguments.m_ObjectArgumentAssemblyTypeName
      value: UnityEngine.Object, UnityEngine
      objectReference: {fileID: 0}
    - target: {fileID: 8300443271355541475, guid: 7cb5b7ad7a7d94b45b8bfe1031bbbf5e,
        type: 3}
      propertyPath: m_OnClick.m_PersistentCalls.m_Calls.Array.data[0].m_Arguments.m_BoolArgument
      value: 1
      objectReference: {fileID: 0}
    - target: {fileID: 8300443271355541475, guid: 7cb5b7ad7a7d94b45b8bfe1031bbbf5e,
        type: 3}
      propertyPath: m_OnClick.m_PersistentCalls.m_Calls.Array.data[0].m_CallState
      value: 2
      objectReference: {fileID: 0}
    - target: {fileID: 8300443271355541475, guid: 7cb5b7ad7a7d94b45b8bfe1031bbbf5e,
        type: 3}
      propertyPath: m_OnClick.m_PersistentCalls.m_Calls.Array.data[1].m_Target
      value: 
      objectReference: {fileID: 0}
    - target: {fileID: 8300443271355541475, guid: 7cb5b7ad7a7d94b45b8bfe1031bbbf5e,
        type: 3}
      propertyPath: m_OnClick.m_PersistentCalls.m_Calls.Array.data[1].m_MethodName
      value: SetActive
      objectReference: {fileID: 0}
    - target: {fileID: 8300443271355541475, guid: 7cb5b7ad7a7d94b45b8bfe1031bbbf5e,
        type: 3}
      propertyPath: m_OnClick.m_PersistentCalls.m_Calls.Array.data[1].m_Mode
      value: 6
      objectReference: {fileID: 0}
    - target: {fileID: 8300443271355541475, guid: 7cb5b7ad7a7d94b45b8bfe1031bbbf5e,
        type: 3}
      propertyPath: m_OnClick.m_PersistentCalls.m_Calls.Array.data[1].m_Arguments.m_ObjectArgumentAssemblyTypeName
      value: UnityEngine.Object, UnityEngine
      objectReference: {fileID: 0}
    - target: {fileID: 8300443271355541475, guid: 7cb5b7ad7a7d94b45b8bfe1031bbbf5e,
        type: 3}
      propertyPath: m_OnClick.m_PersistentCalls.m_Calls.Array.data[1].m_CallState
      value: 2
      objectReference: {fileID: 0}
    - target: {fileID: 8300443270570761527, guid: 7cb5b7ad7a7d94b45b8bfe1031bbbf5e,
        type: 3}
      propertyPath: m_Text
      value: "Atr\xE1s"
      objectReference: {fileID: 0}
    - target: {fileID: 8300443270570761527, guid: 7cb5b7ad7a7d94b45b8bfe1031bbbf5e,
        type: 3}
      propertyPath: m_FontData.m_MaxSize
      value: 80
      objectReference: {fileID: 0}
    - target: {fileID: 8300443270570761527, guid: 7cb5b7ad7a7d94b45b8bfe1031bbbf5e,
        type: 3}
      propertyPath: m_FontData.m_FontSize
      value: 80
      objectReference: {fileID: 0}
    m_RemovedComponents: []
  m_SourcePrefab: {fileID: 100100000, guid: 7cb5b7ad7a7d94b45b8bfe1031bbbf5e, type: 3}
--- !u!224 &3977156213541226335 stripped
RectTransform:
  m_CorrespondingSourceObject: {fileID: 8300443271355541500, guid: 7cb5b7ad7a7d94b45b8bfe1031bbbf5e,
    type: 3}
  m_PrefabInstance: {fileID: 4900105151533113507}
  m_PrefabAsset: {fileID: 0}
