%YAML 1.1
%TAG !u! tag:unity3d.com,2011:
--- !u!1 &3262493586191087748
GameObject:
  m_ObjectHideFlags: 0
  m_CorrespondingSourceObject: {fileID: 0}
  m_PrefabInstance: {fileID: 0}
  m_PrefabAsset: {fileID: 0}
  serializedVersion: 6
  m_Component:
  - component: {fileID: 3262493586191087749}
  - component: {fileID: 3262493586191087752}
  - component: {fileID: 3262493586191087755}
  - component: {fileID: 3262493586191087754}
  m_Layer: 5
  m_Name: GraphicsPanel
  m_TagString: Untagged
  m_Icon: {fileID: 0}
  m_NavMeshLayer: 0
  m_StaticEditorFlags: 0
  m_IsActive: 0
--- !u!224 &3262493586191087749
RectTransform:
  m_ObjectHideFlags: 0
  m_CorrespondingSourceObject: {fileID: 0}
  m_PrefabInstance: {fileID: 0}
  m_PrefabAsset: {fileID: 0}
  m_GameObject: {fileID: 3262493586191087748}
  m_LocalRotation: {x: -0, y: -0, z: -0, w: 1}
  m_LocalPosition: {x: 0, y: 0, z: 0}
  m_LocalScale: {x: 1, y: 1, z: 1}
  m_Children: []
  m_Father: {fileID: 3262493586196156098}
  m_RootOrder: 8
  m_LocalEulerAnglesHint: {x: 0, y: 0, z: 0}
  m_AnchorMin: {x: 0, y: 1}
  m_AnchorMax: {x: 0, y: 1}
  m_AnchoredPosition: {x: 200, y: -50}
  m_SizeDelta: {x: 100, y: 100}
  m_Pivot: {x: 0, y: 0.5}
--- !u!222 &3262493586191087752
CanvasRenderer:
  m_ObjectHideFlags: 0
  m_CorrespondingSourceObject: {fileID: 0}
  m_PrefabInstance: {fileID: 0}
  m_PrefabAsset: {fileID: 0}
  m_GameObject: {fileID: 3262493586191087748}
  m_CullTransparentMesh: 0
--- !u!114 &3262493586191087755
MonoBehaviour:
  m_ObjectHideFlags: 0
  m_CorrespondingSourceObject: {fileID: 0}
  m_PrefabInstance: {fileID: 0}
  m_PrefabAsset: {fileID: 0}
  m_GameObject: {fileID: 3262493586191087748}
  m_Enabled: 1
  m_EditorHideFlags: 0
  m_Script: {fileID: -765806418, guid: f70555f144d8491a825f0804e09c671c, type: 3}
  m_Name: 
  m_EditorClassIdentifier: 
  m_Material: {fileID: 0}
  m_Color: {r: 1, g: 1, b: 1, a: 0}
  m_RaycastTarget: 1
  m_OnCullStateChanged:
    m_PersistentCalls:
      m_Calls: []
    m_TypeName: UnityEngine.UI.MaskableGraphic+CullStateChangedEvent, UnityEngine.UI,
      Version=1.0.0.0, Culture=neutral, PublicKeyToken=null
  m_Sprite: {fileID: 10907, guid: 0000000000000000f000000000000000, type: 0}
  m_Type: 1
  m_PreserveAspect: 0
  m_FillCenter: 1
  m_FillMethod: 4
  m_FillAmount: 1
  m_FillClockwise: 1
  m_FillOrigin: 0
  m_UseSpriteMesh: 0
--- !u!114 &3262493586191087754
MonoBehaviour:
  m_ObjectHideFlags: 0
  m_CorrespondingSourceObject: {fileID: 0}
  m_PrefabInstance: {fileID: 0}
  m_PrefabAsset: {fileID: 0}
  m_GameObject: {fileID: 3262493586191087748}
  m_Enabled: 1
  m_EditorHideFlags: 0
  m_Script: {fileID: -405508275, guid: f70555f144d8491a825f0804e09c671c, type: 3}
  m_Name: 
  m_EditorClassIdentifier: 
  m_Padding:
    m_Left: 0
    m_Right: 0
    m_Top: 0
    m_Bottom: 0
  m_ChildAlignment: 2
  m_Spacing: 0
  m_ChildForceExpandWidth: 1
  m_ChildForceExpandHeight: 1
  m_ChildControlWidth: 0
  m_ChildControlHeight: 1
  m_ChildScaleWidth: 0
  m_ChildScaleHeight: 0
--- !u!1 &3262493586196156125
GameObject:
  m_ObjectHideFlags: 0
  m_CorrespondingSourceObject: {fileID: 0}
  m_PrefabInstance: {fileID: 0}
  m_PrefabAsset: {fileID: 0}
  serializedVersion: 6
  m_Component:
  - component: {fileID: 3262493586196156098}
  - component: {fileID: 3262493586196156097}
  - component: {fileID: 3262493586196156096}
  - component: {fileID: 3262493586196156099}
  m_Layer: 5
  m_Name: OptionsButtonsPanel
  m_TagString: Untagged
  m_Icon: {fileID: 0}
  m_NavMeshLayer: 0
  m_StaticEditorFlags: 0
  m_IsActive: 1
--- !u!224 &3262493586196156098
RectTransform:
  m_ObjectHideFlags: 0
  m_CorrespondingSourceObject: {fileID: 0}
  m_PrefabInstance: {fileID: 0}
  m_PrefabAsset: {fileID: 0}
  m_GameObject: {fileID: 3262493586196156125}
  m_LocalRotation: {x: -0, y: -0, z: -0, w: 1}
  m_LocalPosition: {x: 0, y: 0, z: 0}
  m_LocalScale: {x: 1, y: 1, z: 1}
  m_Children:
  - {fileID: 3262493587289121853}
  - {fileID: 3262493587304028167}
  - {fileID: 2458033624197675095}
  - {fileID: 5847010962796387741}
  - {fileID: 2458033623222491317}
  - {fileID: 3262493587642431272}
  - {fileID: 2458033623104092032}
  - {fileID: 3262493586671447033}
  - {fileID: 3262493586191087749}
  - {fileID: 3262493586675404992}
  - {fileID: 3262493586244725258}
  m_Father: {fileID: 3262493587731159586}
  m_RootOrder: 1
  m_LocalEulerAnglesHint: {x: 0, y: 0, z: 0}
  m_AnchorMin: {x: 0.5, y: 0}
  m_AnchorMax: {x: 0.5, y: 0}
  m_AnchoredPosition: {x: 0, y: 65.599976}
  m_SizeDelta: {x: 1400, y: 1400}
  m_Pivot: {x: 0.5, y: 0}
--- !u!222 &3262493586196156097
CanvasRenderer:
  m_ObjectHideFlags: 0
  m_CorrespondingSourceObject: {fileID: 0}
  m_PrefabInstance: {fileID: 0}
  m_PrefabAsset: {fileID: 0}
  m_GameObject: {fileID: 3262493586196156125}
  m_CullTransparentMesh: 0
--- !u!114 &3262493586196156096
MonoBehaviour:
  m_ObjectHideFlags: 0
  m_CorrespondingSourceObject: {fileID: 0}
  m_PrefabInstance: {fileID: 0}
  m_PrefabAsset: {fileID: 0}
  m_GameObject: {fileID: 3262493586196156125}
  m_Enabled: 1
  m_EditorHideFlags: 0
  m_Script: {fileID: -765806418, guid: f70555f144d8491a825f0804e09c671c, type: 3}
  m_Name: 
  m_EditorClassIdentifier: 
  m_Material: {fileID: 0}
  m_Color: {r: 0.103773594, g: 0.08957815, b: 0.08957815, a: 0.6627451}
  m_RaycastTarget: 1
  m_OnCullStateChanged:
    m_PersistentCalls:
      m_Calls: []
    m_TypeName: UnityEngine.UI.MaskableGraphic+CullStateChangedEvent, UnityEngine.UI,
      Version=1.0.0.0, Culture=neutral, PublicKeyToken=null
  m_Sprite: {fileID: 10905, guid: 0000000000000000f000000000000000, type: 0}
  m_Type: 1
  m_PreserveAspect: 0
  m_FillCenter: 1
  m_FillMethod: 4
  m_FillAmount: 1
  m_FillClockwise: 1
  m_FillOrigin: 0
  m_UseSpriteMesh: 0
--- !u!114 &3262493586196156099
MonoBehaviour:
  m_ObjectHideFlags: 0
  m_CorrespondingSourceObject: {fileID: 0}
  m_PrefabInstance: {fileID: 0}
  m_PrefabAsset: {fileID: 0}
  m_GameObject: {fileID: 3262493586196156125}
  m_Enabled: 1
  m_EditorHideFlags: 0
  m_Script: {fileID: -2095666955, guid: f70555f144d8491a825f0804e09c671c, type: 3}
  m_Name: 
  m_EditorClassIdentifier: 
  m_Padding:
    m_Left: 500
    m_Right: 500
    m_Top: 30
    m_Bottom: 400
  m_ChildAlignment: 4
  m_StartCorner: 0
  m_StartAxis: 0
  m_CellSize: {x: 640, y: 200}
  m_Spacing: {x: 0, y: 60}
  m_Constraint: 1
  m_ConstraintCount: 2
--- !u!1 &3262493586244725253
GameObject:
  m_ObjectHideFlags: 0
  m_CorrespondingSourceObject: {fileID: 0}
  m_PrefabInstance: {fileID: 0}
  m_PrefabAsset: {fileID: 0}
  serializedVersion: 6
  m_Component:
  - component: {fileID: 3262493586244725258}
  - component: {fileID: 3262493586244725257}
  - component: {fileID: 3262493586244725256}
  - component: {fileID: 3262493586244725259}
  m_Layer: 5
  m_Name: FullScreenPanel
  m_TagString: Untagged
  m_Icon: {fileID: 0}
  m_NavMeshLayer: 0
  m_StaticEditorFlags: 0
  m_IsActive: 0
--- !u!224 &3262493586244725258
RectTransform:
  m_ObjectHideFlags: 0
  m_CorrespondingSourceObject: {fileID: 0}
  m_PrefabInstance: {fileID: 0}
  m_PrefabAsset: {fileID: 0}
  m_GameObject: {fileID: 3262493586244725253}
  m_LocalRotation: {x: -0, y: -0, z: -0, w: 1}
  m_LocalPosition: {x: 0, y: 0, z: 0}
  m_LocalScale: {x: 1, y: 1, z: 1}
  m_Children: []
  m_Father: {fileID: 3262493586196156098}
  m_RootOrder: 10
  m_LocalEulerAnglesHint: {x: 0, y: 0, z: 0}
  m_AnchorMin: {x: 0, y: 1}
  m_AnchorMax: {x: 0, y: 1}
  m_AnchoredPosition: {x: 0, y: -695.25}
  m_SizeDelta: {x: 1392.2, y: 1390.5}
  m_Pivot: {x: 0, y: 0.5}
--- !u!222 &3262493586244725257
CanvasRenderer:
  m_ObjectHideFlags: 0
  m_CorrespondingSourceObject: {fileID: 0}
  m_PrefabInstance: {fileID: 0}
  m_PrefabAsset: {fileID: 0}
  m_GameObject: {fileID: 3262493586244725253}
  m_CullTransparentMesh: 0
--- !u!114 &3262493586244725256
MonoBehaviour:
  m_ObjectHideFlags: 0
  m_CorrespondingSourceObject: {fileID: 0}
  m_PrefabInstance: {fileID: 0}
  m_PrefabAsset: {fileID: 0}
  m_GameObject: {fileID: 3262493586244725253}
  m_Enabled: 1
  m_EditorHideFlags: 0
  m_Script: {fileID: -765806418, guid: f70555f144d8491a825f0804e09c671c, type: 3}
  m_Name: 
  m_EditorClassIdentifier: 
  m_Material: {fileID: 0}
  m_Color: {r: 1, g: 1, b: 1, a: 0}
  m_RaycastTarget: 1
  m_OnCullStateChanged:
    m_PersistentCalls:
      m_Calls: []
    m_TypeName: UnityEngine.UI.MaskableGraphic+CullStateChangedEvent, UnityEngine.UI,
      Version=1.0.0.0, Culture=neutral, PublicKeyToken=null
  m_Sprite: {fileID: 10907, guid: 0000000000000000f000000000000000, type: 0}
  m_Type: 1
  m_PreserveAspect: 0
  m_FillCenter: 1
  m_FillMethod: 4
  m_FillAmount: 1
  m_FillClockwise: 1
  m_FillOrigin: 0
  m_UseSpriteMesh: 0
--- !u!114 &3262493586244725259
MonoBehaviour:
  m_ObjectHideFlags: 0
  m_CorrespondingSourceObject: {fileID: 0}
  m_PrefabInstance: {fileID: 0}
  m_PrefabAsset: {fileID: 0}
  m_GameObject: {fileID: 3262493586244725253}
  m_Enabled: 1
  m_EditorHideFlags: 0
  m_Script: {fileID: -405508275, guid: f70555f144d8491a825f0804e09c671c, type: 3}
  m_Name: 
  m_EditorClassIdentifier: 
  m_Padding:
    m_Left: 0
    m_Right: 0
    m_Top: 0
    m_Bottom: 0
  m_ChildAlignment: 0
  m_Spacing: 0
  m_ChildForceExpandWidth: 1
  m_ChildForceExpandHeight: 1
  m_ChildControlWidth: 0
  m_ChildControlHeight: 1
  m_ChildScaleWidth: 0
  m_ChildScaleHeight: 0
--- !u!1 &3262493586434462340
GameObject:
  m_ObjectHideFlags: 0
  m_CorrespondingSourceObject: {fileID: 0}
  m_PrefabInstance: {fileID: 0}
  m_PrefabAsset: {fileID: 0}
  serializedVersion: 6
  m_Component:
  - component: {fileID: 3262493586434462341}
  - component: {fileID: 3262493586434462347}
  - component: {fileID: 3262493586434462346}
  m_Layer: 5
  m_Name: Text
  m_TagString: Untagged
  m_Icon: {fileID: 0}
  m_NavMeshLayer: 0
  m_StaticEditorFlags: 0
  m_IsActive: 1
--- !u!224 &3262493586434462341
RectTransform:
  m_ObjectHideFlags: 0
  m_CorrespondingSourceObject: {fileID: 0}
  m_PrefabInstance: {fileID: 0}
  m_PrefabAsset: {fileID: 0}
  m_GameObject: {fileID: 3262493586434462340}
  m_LocalRotation: {x: 0, y: 0, z: 0, w: 1}
  m_LocalPosition: {x: 0, y: 0, z: 0}
  m_LocalScale: {x: 1, y: 1, z: 1}
  m_Children: []
  m_Father: {fileID: 3262493587731159586}
  m_RootOrder: 0
  m_LocalEulerAnglesHint: {x: 0, y: 0, z: 0}
  m_AnchorMin: {x: 0.5, y: 1}
  m_AnchorMax: {x: 0.5, y: 1}
  m_AnchoredPosition: {x: 0, y: -200}
  m_SizeDelta: {x: 1392.2, y: 261}
  m_Pivot: {x: 0.5, y: 0.5}
--- !u!222 &3262493586434462347
CanvasRenderer:
  m_ObjectHideFlags: 0
  m_CorrespondingSourceObject: {fileID: 0}
  m_PrefabInstance: {fileID: 0}
  m_PrefabAsset: {fileID: 0}
  m_GameObject: {fileID: 3262493586434462340}
  m_CullTransparentMesh: 0
--- !u!114 &3262493586434462346
MonoBehaviour:
  m_ObjectHideFlags: 0
  m_CorrespondingSourceObject: {fileID: 0}
  m_PrefabInstance: {fileID: 0}
  m_PrefabAsset: {fileID: 0}
  m_GameObject: {fileID: 3262493586434462340}
  m_Enabled: 1
  m_EditorHideFlags: 0
  m_Script: {fileID: 708705254, guid: f70555f144d8491a825f0804e09c671c, type: 3}
  m_Name: 
  m_EditorClassIdentifier: 
  m_Material: {fileID: 0}
  m_Color: {r: 0.764151, g: 0.764151, b: 0.764151, a: 1}
  m_RaycastTarget: 1
  m_OnCullStateChanged:
    m_PersistentCalls:
      m_Calls: []
    m_TypeName: UnityEngine.UI.MaskableGraphic+CullStateChangedEvent, UnityEngine.UI,
      Version=1.0.0.0, Culture=neutral, PublicKeyToken=null
  m_FontData:
    m_Font: {fileID: 12800000, guid: 4748666bf49a896498655373038eb095, type: 3}
    m_FontSize: 210
    m_FontStyle: 0
    m_BestFit: 0
    m_MinSize: 10
    m_MaxSize: 250
    m_Alignment: 4
    m_AlignByGeometry: 0
    m_RichText: 1
    m_HorizontalOverflow: 0
    m_VerticalOverflow: 0
    m_LineSpacing: 1
  m_Text: Options
--- !u!1 &3262493586675404995
GameObject:
  m_ObjectHideFlags: 0
  m_CorrespondingSourceObject: {fileID: 0}
  m_PrefabInstance: {fileID: 0}
  m_PrefabAsset: {fileID: 0}
  serializedVersion: 6
  m_Component:
  - component: {fileID: 3262493586675404992}
  - component: {fileID: 3262493586675404999}
  - component: {fileID: 3262493586675404998}
  - component: {fileID: 3262493586675404993}
  m_Layer: 5
  m_Name: ResolutionPanel
  m_TagString: Untagged
  m_Icon: {fileID: 0}
  m_NavMeshLayer: 0
  m_StaticEditorFlags: 0
  m_IsActive: 0
--- !u!224 &3262493586675404992
RectTransform:
  m_ObjectHideFlags: 0
  m_CorrespondingSourceObject: {fileID: 0}
  m_PrefabInstance: {fileID: 0}
  m_PrefabAsset: {fileID: 0}
  m_GameObject: {fileID: 3262493586675404995}
  m_LocalRotation: {x: -0, y: -0, z: -0, w: 1}
  m_LocalPosition: {x: 0, y: 0, z: 0}
  m_LocalScale: {x: 1, y: 1, z: 1}
  m_Children: []
  m_Father: {fileID: 3262493586196156098}
  m_RootOrder: 9
  m_LocalEulerAnglesHint: {x: 0, y: 0, z: 0}
  m_AnchorMin: {x: 0, y: 1}
  m_AnchorMax: {x: 0, y: 1}
  m_AnchoredPosition: {x: 0, y: -346.6536}
  m_SizeDelta: {x: 1392.2, y: 693.3072}
  m_Pivot: {x: 0, y: 0.5}
--- !u!222 &3262493586675404999
CanvasRenderer:
  m_ObjectHideFlags: 0
  m_CorrespondingSourceObject: {fileID: 0}
  m_PrefabInstance: {fileID: 0}
  m_PrefabAsset: {fileID: 0}
  m_GameObject: {fileID: 3262493586675404995}
  m_CullTransparentMesh: 0
--- !u!114 &3262493586675404998
MonoBehaviour:
  m_ObjectHideFlags: 0
  m_CorrespondingSourceObject: {fileID: 0}
  m_PrefabInstance: {fileID: 0}
  m_PrefabAsset: {fileID: 0}
  m_GameObject: {fileID: 3262493586675404995}
  m_Enabled: 1
  m_EditorHideFlags: 0
  m_Script: {fileID: -765806418, guid: f70555f144d8491a825f0804e09c671c, type: 3}
  m_Name: 
  m_EditorClassIdentifier: 
  m_Material: {fileID: 0}
  m_Color: {r: 1, g: 1, b: 1, a: 0}
  m_RaycastTarget: 1
  m_OnCullStateChanged:
    m_PersistentCalls:
      m_Calls: []
    m_TypeName: UnityEngine.UI.MaskableGraphic+CullStateChangedEvent, UnityEngine.UI,
      Version=1.0.0.0, Culture=neutral, PublicKeyToken=null
  m_Sprite: {fileID: 10907, guid: 0000000000000000f000000000000000, type: 0}
  m_Type: 1
  m_PreserveAspect: 0
  m_FillCenter: 1
  m_FillMethod: 4
  m_FillAmount: 1
  m_FillClockwise: 1
  m_FillOrigin: 0
  m_UseSpriteMesh: 0
--- !u!114 &3262493586675404993
MonoBehaviour:
  m_ObjectHideFlags: 0
  m_CorrespondingSourceObject: {fileID: 0}
  m_PrefabInstance: {fileID: 0}
  m_PrefabAsset: {fileID: 0}
  m_GameObject: {fileID: 3262493586675404995}
  m_Enabled: 1
  m_EditorHideFlags: 0
  m_Script: {fileID: -405508275, guid: f70555f144d8491a825f0804e09c671c, type: 3}
  m_Name: 
  m_EditorClassIdentifier: 
  m_Padding:
    m_Left: 0
    m_Right: 0
    m_Top: 0
    m_Bottom: 0
  m_ChildAlignment: 5
  m_Spacing: 0
  m_ChildForceExpandWidth: 1
  m_ChildForceExpandHeight: 1
  m_ChildControlWidth: 0
  m_ChildControlHeight: 1
  m_ChildScaleWidth: 0
  m_ChildScaleHeight: 0
--- !u!1 &3262493587731159613
GameObject:
  m_ObjectHideFlags: 0
  m_CorrespondingSourceObject: {fileID: 0}
  m_PrefabInstance: {fileID: 0}
  m_PrefabAsset: {fileID: 0}
  serializedVersion: 6
  m_Component:
  - component: {fileID: 3262493587731159586}
  - component: {fileID: 3262493587731159585}
  - component: {fileID: 3262493587731159584}
  - component: {fileID: 3262493587731159587}
  m_Layer: 5
  m_Name: SampleOptions
  m_TagString: Untagged
  m_Icon: {fileID: 0}
  m_NavMeshLayer: 0
  m_StaticEditorFlags: 0
  m_IsActive: 1
--- !u!224 &3262493587731159586
RectTransform:
  m_ObjectHideFlags: 0
  m_CorrespondingSourceObject: {fileID: 0}
  m_PrefabInstance: {fileID: 0}
  m_PrefabAsset: {fileID: 0}
  m_GameObject: {fileID: 3262493587731159613}
  m_LocalRotation: {x: 0, y: 0, z: 0, w: 1}
  m_LocalPosition: {x: 0, y: 0, z: 0}
  m_LocalScale: {x: 1, y: 1, z: 1}
  m_Children:
  - {fileID: 3262493586434462341}
  - {fileID: 3262493586196156098}
  - {fileID: 6807100181516793531}
  m_Father: {fileID: 0}
  m_RootOrder: 0
  m_LocalEulerAnglesHint: {x: 0, y: 0, z: 0}
  m_AnchorMin: {x: 0.5, y: 0.5}
  m_AnchorMax: {x: 0.5, y: 0.5}
  m_AnchoredPosition: {x: 0, y: 0}
  m_SizeDelta: {x: 1536, y: 1849.9}
  m_Pivot: {x: 0.5, y: 0.5}
--- !u!222 &3262493587731159585
CanvasRenderer:
  m_ObjectHideFlags: 0
  m_CorrespondingSourceObject: {fileID: 0}
  m_PrefabInstance: {fileID: 0}
  m_PrefabAsset: {fileID: 0}
  m_GameObject: {fileID: 3262493587731159613}
  m_CullTransparentMesh: 0
--- !u!114 &3262493587731159584
MonoBehaviour:
  m_ObjectHideFlags: 0
  m_CorrespondingSourceObject: {fileID: 0}
  m_PrefabInstance: {fileID: 0}
  m_PrefabAsset: {fileID: 0}
  m_GameObject: {fileID: 3262493587731159613}
  m_Enabled: 1
  m_EditorHideFlags: 0
  m_Script: {fileID: -765806418, guid: f70555f144d8491a825f0804e09c671c, type: 3}
  m_Name: 
  m_EditorClassIdentifier: 
  m_Material: {fileID: 0}
  m_Color: {r: 1, g: 1, b: 1, a: 1}
  m_RaycastTarget: 1
  m_OnCullStateChanged:
    m_PersistentCalls:
      m_Calls: []
    m_TypeName: UnityEngine.UI.MaskableGraphic+CullStateChangedEvent, UnityEngine.UI,
      Version=1.0.0.0, Culture=neutral, PublicKeyToken=null
  m_Sprite: {fileID: 21300000, guid: 7066e0747291df44fa5c2bf93bee3a6e, type: 3}
  m_Type: 1
  m_PreserveAspect: 0
  m_FillCenter: 1
  m_FillMethod: 4
  m_FillAmount: 1
  m_FillClockwise: 1
  m_FillOrigin: 0
  m_UseSpriteMesh: 0
--- !u!114 &3262493587731159587
MonoBehaviour:
  m_ObjectHideFlags: 0
  m_CorrespondingSourceObject: {fileID: 0}
  m_PrefabInstance: {fileID: 0}
  m_PrefabAsset: {fileID: 0}
  m_GameObject: {fileID: 3262493587731159613}
  m_Enabled: 1
  m_EditorHideFlags: 0
  m_Script: {fileID: 11500000, guid: 79a0baf379c83274ba24b843ad5f93ff, type: 3}
  m_Name: 
  m_EditorClassIdentifier: 
  audioMixer: {fileID: 24100000, guid: 814535c2fd8cea5449b9ca10d74b18fe, type: 2}
  resolutionDropdown: {fileID: 5847010962796387742}
--- !u!1001 &2458033624221884888
PrefabInstance:
  m_ObjectHideFlags: 0
  serializedVersion: 2
  m_Modification:
    m_TransformParent: {fileID: 3262493586196156098}
    m_Modifications:
    - target: {fileID: 1106201258415195620, guid: 286cf78adcd01d044ba7275b968e3d08,
        type: 3}
      propertyPath: m_Name
      value: GraphicsLabel
      objectReference: {fileID: 0}
    - target: {fileID: 1106201258415195621, guid: 286cf78adcd01d044ba7275b968e3d08,
        type: 3}
      propertyPath: m_LocalPosition.x
      value: 0
      objectReference: {fileID: 0}
    - target: {fileID: 1106201258415195621, guid: 286cf78adcd01d044ba7275b968e3d08,
        type: 3}
      propertyPath: m_LocalPosition.y
      value: 0
      objectReference: {fileID: 0}
    - target: {fileID: 1106201258415195621, guid: 286cf78adcd01d044ba7275b968e3d08,
        type: 3}
      propertyPath: m_LocalPosition.z
      value: 0
      objectReference: {fileID: 0}
    - target: {fileID: 1106201258415195621, guid: 286cf78adcd01d044ba7275b968e3d08,
        type: 3}
      propertyPath: m_LocalRotation.x
      value: -0
      objectReference: {fileID: 0}
    - target: {fileID: 1106201258415195621, guid: 286cf78adcd01d044ba7275b968e3d08,
        type: 3}
      propertyPath: m_LocalRotation.y
      value: -0
      objectReference: {fileID: 0}
    - target: {fileID: 1106201258415195621, guid: 286cf78adcd01d044ba7275b968e3d08,
        type: 3}
      propertyPath: m_LocalRotation.z
      value: -0
      objectReference: {fileID: 0}
    - target: {fileID: 1106201258415195621, guid: 286cf78adcd01d044ba7275b968e3d08,
        type: 3}
      propertyPath: m_LocalRotation.w
      value: 1
      objectReference: {fileID: 0}
    - target: {fileID: 1106201258415195621, guid: 286cf78adcd01d044ba7275b968e3d08,
        type: 3}
      propertyPath: m_RootOrder
      value: 0
      objectReference: {fileID: 0}
    - target: {fileID: 1106201258415195621, guid: 286cf78adcd01d044ba7275b968e3d08,
        type: 3}
      propertyPath: m_LocalEulerAnglesHint.x
      value: 0
      objectReference: {fileID: 0}
    - target: {fileID: 1106201258415195621, guid: 286cf78adcd01d044ba7275b968e3d08,
        type: 3}
      propertyPath: m_LocalEulerAnglesHint.y
      value: 0
      objectReference: {fileID: 0}
    - target: {fileID: 1106201258415195621, guid: 286cf78adcd01d044ba7275b968e3d08,
        type: 3}
      propertyPath: m_LocalEulerAnglesHint.z
      value: 0
      objectReference: {fileID: 0}
    - target: {fileID: 1106201258415195621, guid: 286cf78adcd01d044ba7275b968e3d08,
        type: 3}
      propertyPath: m_AnchoredPosition.x
      value: 0
      objectReference: {fileID: 0}
    - target: {fileID: 1106201258415195621, guid: 286cf78adcd01d044ba7275b968e3d08,
        type: 3}
      propertyPath: m_AnchoredPosition.y
      value: 0
      objectReference: {fileID: 0}
    - target: {fileID: 1106201258415195621, guid: 286cf78adcd01d044ba7275b968e3d08,
        type: 3}
      propertyPath: m_SizeDelta.x
      value: 0
      objectReference: {fileID: 0}
    - target: {fileID: 1106201258415195621, guid: 286cf78adcd01d044ba7275b968e3d08,
        type: 3}
      propertyPath: m_SizeDelta.y
      value: 0
      objectReference: {fileID: 0}
    - target: {fileID: 1106201258415195621, guid: 286cf78adcd01d044ba7275b968e3d08,
        type: 3}
      propertyPath: m_AnchorMin.x
      value: 0
      objectReference: {fileID: 0}
    - target: {fileID: 1106201258415195621, guid: 286cf78adcd01d044ba7275b968e3d08,
        type: 3}
      propertyPath: m_AnchorMin.y
      value: 0
      objectReference: {fileID: 0}
    - target: {fileID: 1106201258415195621, guid: 286cf78adcd01d044ba7275b968e3d08,
        type: 3}
      propertyPath: m_AnchorMax.x
      value: 0
      objectReference: {fileID: 0}
    - target: {fileID: 1106201258415195621, guid: 286cf78adcd01d044ba7275b968e3d08,
        type: 3}
      propertyPath: m_AnchorMax.y
      value: 0
      objectReference: {fileID: 0}
    - target: {fileID: 1106201258415195621, guid: 286cf78adcd01d044ba7275b968e3d08,
        type: 3}
      propertyPath: m_Pivot.x
      value: 0.5
      objectReference: {fileID: 0}
    - target: {fileID: 1106201258415195621, guid: 286cf78adcd01d044ba7275b968e3d08,
        type: 3}
      propertyPath: m_Pivot.y
      value: 0.5
      objectReference: {fileID: 0}
    - target: {fileID: 1106201258415195642, guid: 286cf78adcd01d044ba7275b968e3d08,
        type: 3}
      propertyPath: m_Text
      value: "Perfil\nGr\xE1fico"
      objectReference: {fileID: 0}
    m_RemovedComponents: []
  m_SourcePrefab: {fileID: 100100000, guid: 286cf78adcd01d044ba7275b968e3d08, type: 3}
--- !u!224 &3262493587289121853 stripped
RectTransform:
  m_CorrespondingSourceObject: {fileID: 1106201258415195621, guid: 286cf78adcd01d044ba7275b968e3d08,
    type: 3}
  m_PrefabInstance: {fileID: 2458033624221884888}
  m_PrefabAsset: {fileID: 0}
--- !u!1001 &2538064298958992594
PrefabInstance:
  m_ObjectHideFlags: 0
  serializedVersion: 2
  m_Modification:
    m_TransformParent: {fileID: 3262493586196156098}
    m_Modifications:
    - target: {fileID: 1044747881453945849, guid: 78f7a8968920d6b4e80f3f16d518e9ff,
        type: 3}
      propertyPath: m_Name
      value: FullScreenToogle
      objectReference: {fileID: 0}
    - target: {fileID: 1044747881453945850, guid: 78f7a8968920d6b4e80f3f16d518e9ff,
        type: 3}
      propertyPath: m_LocalPosition.x
      value: 0
      objectReference: {fileID: 0}
    - target: {fileID: 1044747881453945850, guid: 78f7a8968920d6b4e80f3f16d518e9ff,
        type: 3}
      propertyPath: m_LocalPosition.y
      value: 0
      objectReference: {fileID: 0}
    - target: {fileID: 1044747881453945850, guid: 78f7a8968920d6b4e80f3f16d518e9ff,
        type: 3}
      propertyPath: m_LocalPosition.z
      value: 0
      objectReference: {fileID: 0}
    - target: {fileID: 1044747881453945850, guid: 78f7a8968920d6b4e80f3f16d518e9ff,
        type: 3}
      propertyPath: m_LocalRotation.x
      value: -0
      objectReference: {fileID: 0}
    - target: {fileID: 1044747881453945850, guid: 78f7a8968920d6b4e80f3f16d518e9ff,
        type: 3}
      propertyPath: m_LocalRotation.y
      value: -0
      objectReference: {fileID: 0}
    - target: {fileID: 1044747881453945850, guid: 78f7a8968920d6b4e80f3f16d518e9ff,
        type: 3}
      propertyPath: m_LocalRotation.z
      value: -0
      objectReference: {fileID: 0}
    - target: {fileID: 1044747881453945850, guid: 78f7a8968920d6b4e80f3f16d518e9ff,
        type: 3}
      propertyPath: m_LocalRotation.w
      value: 1
      objectReference: {fileID: 0}
    - target: {fileID: 1044747881453945850, guid: 78f7a8968920d6b4e80f3f16d518e9ff,
        type: 3}
      propertyPath: m_RootOrder
      value: 5
      objectReference: {fileID: 0}
    - target: {fileID: 1044747881453945850, guid: 78f7a8968920d6b4e80f3f16d518e9ff,
        type: 3}
      propertyPath: m_LocalEulerAnglesHint.x
      value: 0
      objectReference: {fileID: 0}
    - target: {fileID: 1044747881453945850, guid: 78f7a8968920d6b4e80f3f16d518e9ff,
        type: 3}
      propertyPath: m_LocalEulerAnglesHint.y
      value: 0
      objectReference: {fileID: 0}
    - target: {fileID: 1044747881453945850, guid: 78f7a8968920d6b4e80f3f16d518e9ff,
        type: 3}
      propertyPath: m_LocalEulerAnglesHint.z
      value: 0
      objectReference: {fileID: 0}
    - target: {fileID: 1044747881453945850, guid: 78f7a8968920d6b4e80f3f16d518e9ff,
        type: 3}
      propertyPath: m_AnchoredPosition.x
      value: 0
      objectReference: {fileID: 0}
    - target: {fileID: 1044747881453945850, guid: 78f7a8968920d6b4e80f3f16d518e9ff,
        type: 3}
      propertyPath: m_AnchoredPosition.y
      value: 0
      objectReference: {fileID: 0}
    - target: {fileID: 1044747881453945850, guid: 78f7a8968920d6b4e80f3f16d518e9ff,
        type: 3}
      propertyPath: m_SizeDelta.x
      value: 0
      objectReference: {fileID: 0}
    - target: {fileID: 1044747881453945850, guid: 78f7a8968920d6b4e80f3f16d518e9ff,
        type: 3}
      propertyPath: m_SizeDelta.y
      value: 0
      objectReference: {fileID: 0}
    - target: {fileID: 1044747881453945850, guid: 78f7a8968920d6b4e80f3f16d518e9ff,
        type: 3}
      propertyPath: m_AnchorMin.x
      value: 0
      objectReference: {fileID: 0}
    - target: {fileID: 1044747881453945850, guid: 78f7a8968920d6b4e80f3f16d518e9ff,
        type: 3}
      propertyPath: m_AnchorMin.y
      value: 0
      objectReference: {fileID: 0}
    - target: {fileID: 1044747881453945850, guid: 78f7a8968920d6b4e80f3f16d518e9ff,
        type: 3}
      propertyPath: m_AnchorMax.x
      value: 0
      objectReference: {fileID: 0}
    - target: {fileID: 1044747881453945850, guid: 78f7a8968920d6b4e80f3f16d518e9ff,
        type: 3}
      propertyPath: m_AnchorMax.y
      value: 0
      objectReference: {fileID: 0}
    - target: {fileID: 1044747881453945850, guid: 78f7a8968920d6b4e80f3f16d518e9ff,
        type: 3}
      propertyPath: m_Pivot.x
      value: 0.5
      objectReference: {fileID: 0}
    - target: {fileID: 1044747881453945850, guid: 78f7a8968920d6b4e80f3f16d518e9ff,
        type: 3}
      propertyPath: m_Pivot.y
      value: 0.5
      objectReference: {fileID: 0}
    - target: {fileID: 1044747881453945851, guid: 78f7a8968920d6b4e80f3f16d518e9ff,
        type: 3}
      propertyPath: onValueChanged.m_PersistentCalls.m_Calls.Array.size
      value: 1
      objectReference: {fileID: 0}
    - target: {fileID: 1044747881453945851, guid: 78f7a8968920d6b4e80f3f16d518e9ff,
        type: 3}
      propertyPath: onValueChanged.m_PersistentCalls.m_Calls.Array.data[0].m_Mode
      value: 0
      objectReference: {fileID: 0}
    - target: {fileID: 1044747881453945851, guid: 78f7a8968920d6b4e80f3f16d518e9ff,
        type: 3}
      propertyPath: onValueChanged.m_PersistentCalls.m_Calls.Array.data[0].m_CallState
      value: 2
      objectReference: {fileID: 0}
    - target: {fileID: 1044747881453945851, guid: 78f7a8968920d6b4e80f3f16d518e9ff,
        type: 3}
      propertyPath: onValueChanged.m_PersistentCalls.m_Calls.Array.data[0].m_Target
      value: 
      objectReference: {fileID: 3262493587731159587}
    - target: {fileID: 1044747881453945851, guid: 78f7a8968920d6b4e80f3f16d518e9ff,
        type: 3}
      propertyPath: onValueChanged.m_PersistentCalls.m_Calls.Array.data[0].m_MethodName
      value: setFullScreen
      objectReference: {fileID: 0}
    - target: {fileID: 1044747881453945851, guid: 78f7a8968920d6b4e80f3f16d518e9ff,
        type: 3}
      propertyPath: onValueChanged.m_PersistentCalls.m_Calls.Array.data[0].m_Arguments.m_ObjectArgumentAssemblyTypeName
      value: UnityEngine.Object, UnityEngine
      objectReference: {fileID: 0}
    m_RemovedComponents: []
  m_SourcePrefab: {fileID: 100100000, guid: 78f7a8968920d6b4e80f3f16d518e9ff, type: 3}
--- !u!224 &3262493587642431272 stripped
RectTransform:
  m_CorrespondingSourceObject: {fileID: 1044747881453945850, guid: 78f7a8968920d6b4e80f3f16d518e9ff,
    type: 3}
  m_PrefabInstance: {fileID: 2538064298958992594}
  m_PrefabAsset: {fileID: 0}
--- !u!1001 &3262493586192101989
PrefabInstance:
  m_ObjectHideFlags: 0
  serializedVersion: 2
  m_Modification:
    m_TransformParent: {fileID: 3262493586196156098}
    m_Modifications:
    - target: {fileID: 1106201258415195620, guid: 286cf78adcd01d044ba7275b968e3d08,
        type: 3}
      propertyPath: m_Name
      value: VolumeLabel
      objectReference: {fileID: 0}
    - target: {fileID: 1106201258415195621, guid: 286cf78adcd01d044ba7275b968e3d08,
        type: 3}
      propertyPath: m_LocalPosition.x
      value: 0
      objectReference: {fileID: 0}
    - target: {fileID: 1106201258415195621, guid: 286cf78adcd01d044ba7275b968e3d08,
        type: 3}
      propertyPath: m_LocalPosition.y
      value: 0
      objectReference: {fileID: 0}
    - target: {fileID: 1106201258415195621, guid: 286cf78adcd01d044ba7275b968e3d08,
        type: 3}
      propertyPath: m_LocalPosition.z
      value: 0
      objectReference: {fileID: 0}
    - target: {fileID: 1106201258415195621, guid: 286cf78adcd01d044ba7275b968e3d08,
        type: 3}
      propertyPath: m_LocalRotation.x
      value: -0
      objectReference: {fileID: 0}
    - target: {fileID: 1106201258415195621, guid: 286cf78adcd01d044ba7275b968e3d08,
        type: 3}
      propertyPath: m_LocalRotation.y
      value: -0
      objectReference: {fileID: 0}
    - target: {fileID: 1106201258415195621, guid: 286cf78adcd01d044ba7275b968e3d08,
        type: 3}
      propertyPath: m_LocalRotation.z
      value: -0
      objectReference: {fileID: 0}
    - target: {fileID: 1106201258415195621, guid: 286cf78adcd01d044ba7275b968e3d08,
        type: 3}
      propertyPath: m_LocalRotation.w
      value: 1
      objectReference: {fileID: 0}
    - target: {fileID: 1106201258415195621, guid: 286cf78adcd01d044ba7275b968e3d08,
        type: 3}
      propertyPath: m_RootOrder
      value: 6
      objectReference: {fileID: 0}
    - target: {fileID: 1106201258415195621, guid: 286cf78adcd01d044ba7275b968e3d08,
        type: 3}
      propertyPath: m_LocalEulerAnglesHint.x
      value: 0
      objectReference: {fileID: 0}
    - target: {fileID: 1106201258415195621, guid: 286cf78adcd01d044ba7275b968e3d08,
        type: 3}
      propertyPath: m_LocalEulerAnglesHint.y
      value: 0
      objectReference: {fileID: 0}
    - target: {fileID: 1106201258415195621, guid: 286cf78adcd01d044ba7275b968e3d08,
        type: 3}
      propertyPath: m_LocalEulerAnglesHint.z
      value: 0
      objectReference: {fileID: 0}
    - target: {fileID: 1106201258415195621, guid: 286cf78adcd01d044ba7275b968e3d08,
        type: 3}
      propertyPath: m_AnchoredPosition.x
      value: 0
      objectReference: {fileID: 0}
    - target: {fileID: 1106201258415195621, guid: 286cf78adcd01d044ba7275b968e3d08,
        type: 3}
      propertyPath: m_AnchoredPosition.y
      value: 0
      objectReference: {fileID: 0}
    - target: {fileID: 1106201258415195621, guid: 286cf78adcd01d044ba7275b968e3d08,
        type: 3}
      propertyPath: m_SizeDelta.x
      value: 0
      objectReference: {fileID: 0}
    - target: {fileID: 1106201258415195621, guid: 286cf78adcd01d044ba7275b968e3d08,
        type: 3}
      propertyPath: m_SizeDelta.y
      value: 0
      objectReference: {fileID: 0}
    - target: {fileID: 1106201258415195621, guid: 286cf78adcd01d044ba7275b968e3d08,
        type: 3}
      propertyPath: m_AnchorMin.x
      value: 0
      objectReference: {fileID: 0}
    - target: {fileID: 1106201258415195621, guid: 286cf78adcd01d044ba7275b968e3d08,
        type: 3}
      propertyPath: m_AnchorMin.y
      value: 0
      objectReference: {fileID: 0}
    - target: {fileID: 1106201258415195621, guid: 286cf78adcd01d044ba7275b968e3d08,
        type: 3}
      propertyPath: m_AnchorMax.x
      value: 0
      objectReference: {fileID: 0}
    - target: {fileID: 1106201258415195621, guid: 286cf78adcd01d044ba7275b968e3d08,
        type: 3}
      propertyPath: m_AnchorMax.y
      value: 0
      objectReference: {fileID: 0}
    - target: {fileID: 1106201258415195621, guid: 286cf78adcd01d044ba7275b968e3d08,
        type: 3}
      propertyPath: m_Pivot.x
      value: 0.5
      objectReference: {fileID: 0}
    - target: {fileID: 1106201258415195621, guid: 286cf78adcd01d044ba7275b968e3d08,
        type: 3}
      propertyPath: m_Pivot.y
      value: 0.5
      objectReference: {fileID: 0}
    - target: {fileID: 1106201258415195642, guid: 286cf78adcd01d044ba7275b968e3d08,
        type: 3}
      propertyPath: m_Text
      value: 'Volumen

        Principal'
      objectReference: {fileID: 0}
    m_RemovedComponents: []
  m_SourcePrefab: {fileID: 100100000, guid: 286cf78adcd01d044ba7275b968e3d08, type: 3}
--- !u!224 &2458033623104092032 stripped
RectTransform:
  m_CorrespondingSourceObject: {fileID: 1106201258415195621, guid: 286cf78adcd01d044ba7275b968e3d08,
    type: 3}
  m_PrefabInstance: {fileID: 3262493586192101989}
  m_PrefabAsset: {fileID: 0}
--- !u!1001 &3262493586339994960
PrefabInstance:
  m_ObjectHideFlags: 0
  serializedVersion: 2
  m_Modification:
    m_TransformParent: {fileID: 3262493586196156098}
    m_Modifications:
    - target: {fileID: 1106201258415195620, guid: 286cf78adcd01d044ba7275b968e3d08,
        type: 3}
      propertyPath: m_Name
      value: FullScreenLabel
      objectReference: {fileID: 0}
    - target: {fileID: 1106201258415195621, guid: 286cf78adcd01d044ba7275b968e3d08,
        type: 3}
      propertyPath: m_LocalPosition.x
      value: 0
      objectReference: {fileID: 0}
    - target: {fileID: 1106201258415195621, guid: 286cf78adcd01d044ba7275b968e3d08,
        type: 3}
      propertyPath: m_LocalPosition.y
      value: 0
      objectReference: {fileID: 0}
    - target: {fileID: 1106201258415195621, guid: 286cf78adcd01d044ba7275b968e3d08,
        type: 3}
      propertyPath: m_LocalPosition.z
      value: 0
      objectReference: {fileID: 0}
    - target: {fileID: 1106201258415195621, guid: 286cf78adcd01d044ba7275b968e3d08,
        type: 3}
      propertyPath: m_LocalRotation.x
      value: -0
      objectReference: {fileID: 0}
    - target: {fileID: 1106201258415195621, guid: 286cf78adcd01d044ba7275b968e3d08,
        type: 3}
      propertyPath: m_LocalRotation.y
      value: -0
      objectReference: {fileID: 0}
    - target: {fileID: 1106201258415195621, guid: 286cf78adcd01d044ba7275b968e3d08,
        type: 3}
      propertyPath: m_LocalRotation.z
      value: -0
      objectReference: {fileID: 0}
    - target: {fileID: 1106201258415195621, guid: 286cf78adcd01d044ba7275b968e3d08,
        type: 3}
      propertyPath: m_LocalRotation.w
      value: 1
      objectReference: {fileID: 0}
    - target: {fileID: 1106201258415195621, guid: 286cf78adcd01d044ba7275b968e3d08,
        type: 3}
      propertyPath: m_RootOrder
      value: 4
      objectReference: {fileID: 0}
    - target: {fileID: 1106201258415195621, guid: 286cf78adcd01d044ba7275b968e3d08,
        type: 3}
      propertyPath: m_LocalEulerAnglesHint.x
      value: 0
      objectReference: {fileID: 0}
    - target: {fileID: 1106201258415195621, guid: 286cf78adcd01d044ba7275b968e3d08,
        type: 3}
      propertyPath: m_LocalEulerAnglesHint.y
      value: 0
      objectReference: {fileID: 0}
    - target: {fileID: 1106201258415195621, guid: 286cf78adcd01d044ba7275b968e3d08,
        type: 3}
      propertyPath: m_LocalEulerAnglesHint.z
      value: 0
      objectReference: {fileID: 0}
    - target: {fileID: 1106201258415195621, guid: 286cf78adcd01d044ba7275b968e3d08,
        type: 3}
      propertyPath: m_AnchoredPosition.x
      value: 0
      objectReference: {fileID: 0}
    - target: {fileID: 1106201258415195621, guid: 286cf78adcd01d044ba7275b968e3d08,
        type: 3}
      propertyPath: m_AnchoredPosition.y
      value: 0
      objectReference: {fileID: 0}
    - target: {fileID: 1106201258415195621, guid: 286cf78adcd01d044ba7275b968e3d08,
        type: 3}
      propertyPath: m_SizeDelta.x
      value: 0
      objectReference: {fileID: 0}
    - target: {fileID: 1106201258415195621, guid: 286cf78adcd01d044ba7275b968e3d08,
        type: 3}
      propertyPath: m_SizeDelta.y
      value: 0
      objectReference: {fileID: 0}
    - target: {fileID: 1106201258415195621, guid: 286cf78adcd01d044ba7275b968e3d08,
        type: 3}
      propertyPath: m_AnchorMin.x
      value: 0
      objectReference: {fileID: 0}
    - target: {fileID: 1106201258415195621, guid: 286cf78adcd01d044ba7275b968e3d08,
        type: 3}
      propertyPath: m_AnchorMin.y
      value: 0
      objectReference: {fileID: 0}
    - target: {fileID: 1106201258415195621, guid: 286cf78adcd01d044ba7275b968e3d08,
        type: 3}
      propertyPath: m_AnchorMax.x
      value: 0
      objectReference: {fileID: 0}
    - target: {fileID: 1106201258415195621, guid: 286cf78adcd01d044ba7275b968e3d08,
        type: 3}
      propertyPath: m_AnchorMax.y
      value: 0
      objectReference: {fileID: 0}
    - target: {fileID: 1106201258415195621, guid: 286cf78adcd01d044ba7275b968e3d08,
        type: 3}
      propertyPath: m_Pivot.x
      value: 0.5
      objectReference: {fileID: 0}
    - target: {fileID: 1106201258415195621, guid: 286cf78adcd01d044ba7275b968e3d08,
        type: 3}
      propertyPath: m_Pivot.y
      value: 0.5
      objectReference: {fileID: 0}
    - target: {fileID: 1106201258415195642, guid: 286cf78adcd01d044ba7275b968e3d08,
        type: 3}
      propertyPath: m_Text
      value: 'Pantalla

        Completa'
      objectReference: {fileID: 0}
    m_RemovedComponents: []
  m_SourcePrefab: {fileID: 100100000, guid: 286cf78adcd01d044ba7275b968e3d08, type: 3}
--- !u!224 &2458033623222491317 stripped
RectTransform:
  m_CorrespondingSourceObject: {fileID: 1106201258415195621, guid: 286cf78adcd01d044ba7275b968e3d08,
    type: 3}
  m_PrefabInstance: {fileID: 3262493586339994960}
  m_PrefabAsset: {fileID: 0}
--- !u!1001 &3262493587258842776
PrefabInstance:
  m_ObjectHideFlags: 0
  serializedVersion: 2
  m_Modification:
    m_TransformParent: {fileID: 3262493586196156098}
    m_Modifications:
    - target: {fileID: 8962855797210383108, guid: 8ced0b953af8a6b45b3bdbd8d26fad03,
        type: 3}
      propertyPath: m_Name
      value: ResolutionDropdown
      objectReference: {fileID: 0}
    - target: {fileID: 8962855797210383109, guid: 8ced0b953af8a6b45b3bdbd8d26fad03,
        type: 3}
      propertyPath: m_LocalPosition.x
      value: 0
      objectReference: {fileID: 0}
    - target: {fileID: 8962855797210383109, guid: 8ced0b953af8a6b45b3bdbd8d26fad03,
        type: 3}
      propertyPath: m_LocalPosition.y
      value: 0
      objectReference: {fileID: 0}
    - target: {fileID: 8962855797210383109, guid: 8ced0b953af8a6b45b3bdbd8d26fad03,
        type: 3}
      propertyPath: m_LocalPosition.z
      value: 0
      objectReference: {fileID: 0}
    - target: {fileID: 8962855797210383109, guid: 8ced0b953af8a6b45b3bdbd8d26fad03,
        type: 3}
      propertyPath: m_LocalRotation.x
      value: -0
      objectReference: {fileID: 0}
    - target: {fileID: 8962855797210383109, guid: 8ced0b953af8a6b45b3bdbd8d26fad03,
        type: 3}
      propertyPath: m_LocalRotation.y
      value: -0
      objectReference: {fileID: 0}
    - target: {fileID: 8962855797210383109, guid: 8ced0b953af8a6b45b3bdbd8d26fad03,
        type: 3}
      propertyPath: m_LocalRotation.z
      value: -0
      objectReference: {fileID: 0}
    - target: {fileID: 8962855797210383109, guid: 8ced0b953af8a6b45b3bdbd8d26fad03,
        type: 3}
      propertyPath: m_LocalRotation.w
      value: 1
      objectReference: {fileID: 0}
    - target: {fileID: 8962855797210383109, guid: 8ced0b953af8a6b45b3bdbd8d26fad03,
        type: 3}
      propertyPath: m_RootOrder
      value: 3
      objectReference: {fileID: 0}
    - target: {fileID: 8962855797210383109, guid: 8ced0b953af8a6b45b3bdbd8d26fad03,
        type: 3}
      propertyPath: m_LocalEulerAnglesHint.x
      value: 0
      objectReference: {fileID: 0}
    - target: {fileID: 8962855797210383109, guid: 8ced0b953af8a6b45b3bdbd8d26fad03,
        type: 3}
      propertyPath: m_LocalEulerAnglesHint.y
      value: 0
      objectReference: {fileID: 0}
    - target: {fileID: 8962855797210383109, guid: 8ced0b953af8a6b45b3bdbd8d26fad03,
        type: 3}
      propertyPath: m_LocalEulerAnglesHint.z
      value: 0
      objectReference: {fileID: 0}
    - target: {fileID: 8962855797210383109, guid: 8ced0b953af8a6b45b3bdbd8d26fad03,
        type: 3}
      propertyPath: m_AnchoredPosition.x
      value: 0
      objectReference: {fileID: 0}
    - target: {fileID: 8962855797210383109, guid: 8ced0b953af8a6b45b3bdbd8d26fad03,
        type: 3}
      propertyPath: m_AnchoredPosition.y
      value: 0
      objectReference: {fileID: 0}
    - target: {fileID: 8962855797210383109, guid: 8ced0b953af8a6b45b3bdbd8d26fad03,
        type: 3}
      propertyPath: m_SizeDelta.x
      value: 0
      objectReference: {fileID: 0}
    - target: {fileID: 8962855797210383109, guid: 8ced0b953af8a6b45b3bdbd8d26fad03,
        type: 3}
      propertyPath: m_SizeDelta.y
      value: 0
      objectReference: {fileID: 0}
    - target: {fileID: 8962855797210383109, guid: 8ced0b953af8a6b45b3bdbd8d26fad03,
        type: 3}
      propertyPath: m_AnchorMin.x
      value: 0
      objectReference: {fileID: 0}
    - target: {fileID: 8962855797210383109, guid: 8ced0b953af8a6b45b3bdbd8d26fad03,
        type: 3}
      propertyPath: m_AnchorMin.y
      value: 0
      objectReference: {fileID: 0}
    - target: {fileID: 8962855797210383109, guid: 8ced0b953af8a6b45b3bdbd8d26fad03,
        type: 3}
      propertyPath: m_AnchorMax.x
      value: 0
      objectReference: {fileID: 0}
    - target: {fileID: 8962855797210383109, guid: 8ced0b953af8a6b45b3bdbd8d26fad03,
        type: 3}
      propertyPath: m_AnchorMax.y
      value: 0
      objectReference: {fileID: 0}
    - target: {fileID: 8962855797210383109, guid: 8ced0b953af8a6b45b3bdbd8d26fad03,
        type: 3}
      propertyPath: m_Pivot.x
      value: 0.5
      objectReference: {fileID: 0}
    - target: {fileID: 8962855797210383109, guid: 8ced0b953af8a6b45b3bdbd8d26fad03,
        type: 3}
      propertyPath: m_Pivot.y
      value: 0.5
      objectReference: {fileID: 0}
    - target: {fileID: 8962855797210383110, guid: 8ced0b953af8a6b45b3bdbd8d26fad03,
        type: 3}
      propertyPath: m_Options.m_Options.Array.size
      value: 4
      objectReference: {fileID: 0}
    - target: {fileID: 8962855797210383110, guid: 8ced0b953af8a6b45b3bdbd8d26fad03,
        type: 3}
      propertyPath: m_OnValueChanged.m_PersistentCalls.m_Calls.Array.size
      value: 1
      objectReference: {fileID: 0}
    - target: {fileID: 8962855797210383110, guid: 8ced0b953af8a6b45b3bdbd8d26fad03,
        type: 3}
      propertyPath: m_Options.m_Options.Array.data[0].m_Text
      value: Res 1
      objectReference: {fileID: 0}
    - target: {fileID: 8962855797210383110, guid: 8ced0b953af8a6b45b3bdbd8d26fad03,
        type: 3}
      propertyPath: m_Options.m_Options.Array.data[1].m_Text
      value: Res 2
      objectReference: {fileID: 0}
    - target: {fileID: 8962855797210383110, guid: 8ced0b953af8a6b45b3bdbd8d26fad03,
        type: 3}
      propertyPath: m_Options.m_Options.Array.data[2].m_Text
      value: Res 3
      objectReference: {fileID: 0}
    - target: {fileID: 8962855797210383110, guid: 8ced0b953af8a6b45b3bdbd8d26fad03,
        type: 3}
      propertyPath: m_Options.m_Options.Array.data[3].m_Text
      value: Res 4
      objectReference: {fileID: 0}
    - target: {fileID: 8962855797210383110, guid: 8ced0b953af8a6b45b3bdbd8d26fad03,
        type: 3}
      propertyPath: m_OnValueChanged.m_PersistentCalls.m_Calls.Array.data[0].m_Mode
      value: 0
      objectReference: {fileID: 0}
    - target: {fileID: 8962855797210383110, guid: 8ced0b953af8a6b45b3bdbd8d26fad03,
        type: 3}
      propertyPath: m_OnValueChanged.m_PersistentCalls.m_Calls.Array.data[0].m_CallState
      value: 2
      objectReference: {fileID: 0}
    - target: {fileID: 8962855797210383110, guid: 8ced0b953af8a6b45b3bdbd8d26fad03,
        type: 3}
      propertyPath: m_OnValueChanged.m_PersistentCalls.m_Calls.Array.data[0].m_Target
      value: 
      objectReference: {fileID: 3262493587731159587}
    - target: {fileID: 8962855797210383110, guid: 8ced0b953af8a6b45b3bdbd8d26fad03,
        type: 3}
      propertyPath: m_OnValueChanged.m_PersistentCalls.m_Calls.Array.data[0].m_MethodName
      value: setResolution
      objectReference: {fileID: 0}
    - target: {fileID: 8962855797210383110, guid: 8ced0b953af8a6b45b3bdbd8d26fad03,
        type: 3}
      propertyPath: m_OnValueChanged.m_PersistentCalls.m_Calls.Array.data[0].m_Arguments.m_ObjectArgumentAssemblyTypeName
      value: UnityEngine.Object, UnityEngine
      objectReference: {fileID: 0}
    - target: {fileID: 8962855797919983009, guid: 8ced0b953af8a6b45b3bdbd8d26fad03,
        type: 3}
      propertyPath: m_Text
      value: Res 2
      objectReference: {fileID: 0}
    m_RemovedComponents: []
  m_SourcePrefab: {fileID: 100100000, guid: 8ced0b953af8a6b45b3bdbd8d26fad03, type: 3}
--- !u!224 &5847010962796387741 stripped
RectTransform:
  m_CorrespondingSourceObject: {fileID: 8962855797210383109, guid: 8ced0b953af8a6b45b3bdbd8d26fad03,
    type: 3}
  m_PrefabInstance: {fileID: 3262493587258842776}
  m_PrefabAsset: {fileID: 0}
--- !u!114 &5847010962796387742 stripped
MonoBehaviour:
  m_CorrespondingSourceObject: {fileID: 8962855797210383110, guid: 8ced0b953af8a6b45b3bdbd8d26fad03,
    type: 3}
  m_PrefabInstance: {fileID: 3262493587258842776}
  m_PrefabAsset: {fileID: 0}
  m_GameObject: {fileID: 0}
  m_Enabled: 1
  m_EditorHideFlags: 0
  m_Script: {fileID: 853051423, guid: f70555f144d8491a825f0804e09c671c, type: 3}
  m_Name: 
  m_EditorClassIdentifier: 
--- !u!1001 &3262493587260281159
PrefabInstance:
  m_ObjectHideFlags: 0
  serializedVersion: 2
  m_Modification:
    m_TransformParent: {fileID: 3262493587731159586}
    m_Modifications:
    - target: {fileID: 8300443271355541501, guid: 7cb5b7ad7a7d94b45b8bfe1031bbbf5e,
        type: 3}
      propertyPath: m_Name
      value: SampleMenuButton
      objectReference: {fileID: 0}
    - target: {fileID: 8300443271355541500, guid: 7cb5b7ad7a7d94b45b8bfe1031bbbf5e,
        type: 3}
      propertyPath: m_LocalPosition.x
      value: 0
      objectReference: {fileID: 0}
    - target: {fileID: 8300443271355541500, guid: 7cb5b7ad7a7d94b45b8bfe1031bbbf5e,
        type: 3}
      propertyPath: m_LocalPosition.y
      value: 0
      objectReference: {fileID: 0}
    - target: {fileID: 8300443271355541500, guid: 7cb5b7ad7a7d94b45b8bfe1031bbbf5e,
        type: 3}
      propertyPath: m_LocalPosition.z
      value: 0
      objectReference: {fileID: 0}
    - target: {fileID: 8300443271355541500, guid: 7cb5b7ad7a7d94b45b8bfe1031bbbf5e,
        type: 3}
      propertyPath: m_LocalRotation.x
      value: -0
      objectReference: {fileID: 0}
    - target: {fileID: 8300443271355541500, guid: 7cb5b7ad7a7d94b45b8bfe1031bbbf5e,
        type: 3}
      propertyPath: m_LocalRotation.y
      value: -0
      objectReference: {fileID: 0}
    - target: {fileID: 8300443271355541500, guid: 7cb5b7ad7a7d94b45b8bfe1031bbbf5e,
        type: 3}
      propertyPath: m_LocalRotation.z
      value: -0
      objectReference: {fileID: 0}
    - target: {fileID: 8300443271355541500, guid: 7cb5b7ad7a7d94b45b8bfe1031bbbf5e,
        type: 3}
      propertyPath: m_LocalRotation.w
      value: 1
      objectReference: {fileID: 0}
    - target: {fileID: 8300443271355541500, guid: 7cb5b7ad7a7d94b45b8bfe1031bbbf5e,
        type: 3}
      propertyPath: m_RootOrder
      value: 2
      objectReference: {fileID: 0}
    - target: {fileID: 8300443271355541500, guid: 7cb5b7ad7a7d94b45b8bfe1031bbbf5e,
        type: 3}
      propertyPath: m_LocalEulerAnglesHint.x
      value: 0
      objectReference: {fileID: 0}
    - target: {fileID: 8300443271355541500, guid: 7cb5b7ad7a7d94b45b8bfe1031bbbf5e,
        type: 3}
      propertyPath: m_LocalEulerAnglesHint.y
      value: 0
      objectReference: {fileID: 0}
    - target: {fileID: 8300443271355541500, guid: 7cb5b7ad7a7d94b45b8bfe1031bbbf5e,
        type: 3}
      propertyPath: m_LocalEulerAnglesHint.z
      value: 0
      objectReference: {fileID: 0}
    - target: {fileID: 8300443271355541500, guid: 7cb5b7ad7a7d94b45b8bfe1031bbbf5e,
        type: 3}
      propertyPath: m_AnchoredPosition.x
      value: 768
      objectReference: {fileID: 0}
    - target: {fileID: 8300443271355541500, guid: 7cb5b7ad7a7d94b45b8bfe1031bbbf5e,
        type: 3}
      propertyPath: m_AnchoredPosition.y
      value: -1617.8069
      objectReference: {fileID: 0}
    - target: {fileID: 8300443271355541500, guid: 7cb5b7ad7a7d94b45b8bfe1031bbbf5e,
        type: 3}
      propertyPath: m_SizeDelta.x
      value: 640
      objectReference: {fileID: 0}
    - target: {fileID: 8300443271355541500, guid: 7cb5b7ad7a7d94b45b8bfe1031bbbf5e,
        type: 3}
      propertyPath: m_SizeDelta.y
      value: 200
      objectReference: {fileID: 0}
    - target: {fileID: 8300443271355541500, guid: 7cb5b7ad7a7d94b45b8bfe1031bbbf5e,
        type: 3}
      propertyPath: m_AnchorMin.x
      value: 0
      objectReference: {fileID: 0}
    - target: {fileID: 8300443271355541500, guid: 7cb5b7ad7a7d94b45b8bfe1031bbbf5e,
        type: 3}
      propertyPath: m_AnchorMin.y
      value: 1
      objectReference: {fileID: 0}
    - target: {fileID: 8300443271355541500, guid: 7cb5b7ad7a7d94b45b8bfe1031bbbf5e,
        type: 3}
      propertyPath: m_AnchorMax.x
      value: 0
      objectReference: {fileID: 0}
    - target: {fileID: 8300443271355541500, guid: 7cb5b7ad7a7d94b45b8bfe1031bbbf5e,
        type: 3}
      propertyPath: m_AnchorMax.y
      value: 1
      objectReference: {fileID: 0}
    - target: {fileID: 8300443271355541500, guid: 7cb5b7ad7a7d94b45b8bfe1031bbbf5e,
        type: 3}
      propertyPath: m_Pivot.x
      value: 0.5
      objectReference: {fileID: 0}
    - target: {fileID: 8300443271355541500, guid: 7cb5b7ad7a7d94b45b8bfe1031bbbf5e,
        type: 3}
      propertyPath: m_Pivot.y
      value: 0.5
      objectReference: {fileID: 0}
    - target: {fileID: 8300443271355541500, guid: 7cb5b7ad7a7d94b45b8bfe1031bbbf5e,
        type: 3}
      propertyPath: m_LocalScale.x
      value: 1
      objectReference: {fileID: 0}
    - target: {fileID: 8300443271355541500, guid: 7cb5b7ad7a7d94b45b8bfe1031bbbf5e,
        type: 3}
      propertyPath: m_LocalScale.y
      value: 1
      objectReference: {fileID: 0}
    - target: {fileID: 8300443271355541500, guid: 7cb5b7ad7a7d94b45b8bfe1031bbbf5e,
        type: 3}
      propertyPath: m_LocalScale.z
      value: 1
      objectReference: {fileID: 0}
    - target: {fileID: 8300443271355541475, guid: 7cb5b7ad7a7d94b45b8bfe1031bbbf5e,
        type: 3}
      propertyPath: m_OnClick.m_PersistentCalls.m_Calls.Array.size
      value: 2
      objectReference: {fileID: 0}
    - target: {fileID: 8300443271355541475, guid: 7cb5b7ad7a7d94b45b8bfe1031bbbf5e,
        type: 3}
      propertyPath: m_OnClick.m_PersistentCalls.m_Calls.Array.data[0].m_Mode
      value: 6
      objectReference: {fileID: 0}
    - target: {fileID: 8300443271355541475, guid: 7cb5b7ad7a7d94b45b8bfe1031bbbf5e,
        type: 3}
      propertyPath: m_OnClick.m_PersistentCalls.m_Calls.Array.data[0].m_CallState
      value: 2
      objectReference: {fileID: 0}
    - target: {fileID: 8300443271355541475, guid: 7cb5b7ad7a7d94b45b8bfe1031bbbf5e,
        type: 3}
      propertyPath: m_OnClick.m_PersistentCalls.m_Calls.Array.data[0].m_Target
      value: 
      objectReference: {fileID: 0}
    - target: {fileID: 8300443271355541475, guid: 7cb5b7ad7a7d94b45b8bfe1031bbbf5e,
        type: 3}
      propertyPath: m_OnClick.m_PersistentCalls.m_Calls.Array.data[0].m_MethodName
      value: SetActive
      objectReference: {fileID: 0}
    - target: {fileID: 8300443271355541475, guid: 7cb5b7ad7a7d94b45b8bfe1031bbbf5e,
        type: 3}
      propertyPath: m_OnClick.m_PersistentCalls.m_Calls.Array.data[0].m_Arguments.m_ObjectArgumentAssemblyTypeName
      value: UnityEngine.Object, UnityEngine
      objectReference: {fileID: 0}
    - target: {fileID: 8300443271355541475, guid: 7cb5b7ad7a7d94b45b8bfe1031bbbf5e,
        type: 3}
      propertyPath: m_OnClick.m_PersistentCalls.m_Calls.Array.data[0].m_Arguments.m_BoolArgument
      value: 1
      objectReference: {fileID: 0}
    - target: {fileID: 8300443271355541475, guid: 7cb5b7ad7a7d94b45b8bfe1031bbbf5e,
        type: 3}
      propertyPath: m_OnClick.m_PersistentCalls.m_Calls.Array.data[1].m_Mode
      value: 6
      objectReference: {fileID: 0}
    - target: {fileID: 8300443271355541475, guid: 7cb5b7ad7a7d94b45b8bfe1031bbbf5e,
        type: 3}
      propertyPath: m_OnClick.m_PersistentCalls.m_Calls.Array.data[1].m_CallState
      value: 2
      objectReference: {fileID: 0}
    - target: {fileID: 8300443271355541475, guid: 7cb5b7ad7a7d94b45b8bfe1031bbbf5e,
        type: 3}
      propertyPath: m_OnClick.m_PersistentCalls.m_Calls.Array.data[1].m_Target
      value: 
      objectReference: {fileID: 3262493587731159613}
    - target: {fileID: 8300443271355541475, guid: 7cb5b7ad7a7d94b45b8bfe1031bbbf5e,
        type: 3}
      propertyPath: m_OnClick.m_PersistentCalls.m_Calls.Array.data[1].m_MethodName
      value: SetActive
      objectReference: {fileID: 0}
    - target: {fileID: 8300443271355541475, guid: 7cb5b7ad7a7d94b45b8bfe1031bbbf5e,
        type: 3}
      propertyPath: m_OnClick.m_PersistentCalls.m_Calls.Array.data[1].m_Arguments.m_ObjectArgumentAssemblyTypeName
      value: UnityEngine.Object, UnityEngine
      objectReference: {fileID: 0}
    - target: {fileID: 8300443270570761527, guid: 7cb5b7ad7a7d94b45b8bfe1031bbbf5e,
        type: 3}
      propertyPath: m_Text
      value: "Atr\xE1s"
      objectReference: {fileID: 0}
    m_RemovedComponents: []
  m_SourcePrefab: {fileID: 100100000, guid: 7cb5b7ad7a7d94b45b8bfe1031bbbf5e, type: 3}
--- !u!224 &6807100181516793531 stripped
RectTransform:
  m_CorrespondingSourceObject: {fileID: 8300443271355541500, guid: 7cb5b7ad7a7d94b45b8bfe1031bbbf5e,
    type: 3}
  m_PrefabInstance: {fileID: 3262493587260281159}
  m_PrefabAsset: {fileID: 0}
--- !u!1001 &3262493587310984626
PrefabInstance:
  m_ObjectHideFlags: 0
  serializedVersion: 2
  m_Modification:
    m_TransformParent: {fileID: 3262493586196156098}
    m_Modifications:
    - target: {fileID: 1106201258415195620, guid: 286cf78adcd01d044ba7275b968e3d08,
        type: 3}
      propertyPath: m_Name
      value: ResolutionLabel
      objectReference: {fileID: 0}
    - target: {fileID: 1106201258415195621, guid: 286cf78adcd01d044ba7275b968e3d08,
        type: 3}
      propertyPath: m_LocalPosition.x
      value: 0
      objectReference: {fileID: 0}
    - target: {fileID: 1106201258415195621, guid: 286cf78adcd01d044ba7275b968e3d08,
        type: 3}
      propertyPath: m_LocalPosition.y
      value: 0
      objectReference: {fileID: 0}
    - target: {fileID: 1106201258415195621, guid: 286cf78adcd01d044ba7275b968e3d08,
        type: 3}
      propertyPath: m_LocalPosition.z
      value: 0
      objectReference: {fileID: 0}
    - target: {fileID: 1106201258415195621, guid: 286cf78adcd01d044ba7275b968e3d08,
        type: 3}
      propertyPath: m_LocalRotation.x
      value: -0
      objectReference: {fileID: 0}
    - target: {fileID: 1106201258415195621, guid: 286cf78adcd01d044ba7275b968e3d08,
        type: 3}
      propertyPath: m_LocalRotation.y
      value: -0
      objectReference: {fileID: 0}
    - target: {fileID: 1106201258415195621, guid: 286cf78adcd01d044ba7275b968e3d08,
        type: 3}
      propertyPath: m_LocalRotation.z
      value: -0
      objectReference: {fileID: 0}
    - target: {fileID: 1106201258415195621, guid: 286cf78adcd01d044ba7275b968e3d08,
        type: 3}
      propertyPath: m_LocalRotation.w
      value: 1
      objectReference: {fileID: 0}
    - target: {fileID: 1106201258415195621, guid: 286cf78adcd01d044ba7275b968e3d08,
        type: 3}
      propertyPath: m_RootOrder
      value: 2
      objectReference: {fileID: 0}
    - target: {fileID: 1106201258415195621, guid: 286cf78adcd01d044ba7275b968e3d08,
        type: 3}
      propertyPath: m_LocalEulerAnglesHint.x
      value: 0
      objectReference: {fileID: 0}
    - target: {fileID: 1106201258415195621, guid: 286cf78adcd01d044ba7275b968e3d08,
        type: 3}
      propertyPath: m_LocalEulerAnglesHint.y
      value: 0
      objectReference: {fileID: 0}
    - target: {fileID: 1106201258415195621, guid: 286cf78adcd01d044ba7275b968e3d08,
        type: 3}
      propertyPath: m_LocalEulerAnglesHint.z
      value: 0
      objectReference: {fileID: 0}
    - target: {fileID: 1106201258415195621, guid: 286cf78adcd01d044ba7275b968e3d08,
        type: 3}
      propertyPath: m_AnchoredPosition.x
      value: 0
      objectReference: {fileID: 0}
    - target: {fileID: 1106201258415195621, guid: 286cf78adcd01d044ba7275b968e3d08,
        type: 3}
      propertyPath: m_AnchoredPosition.y
      value: 0
      objectReference: {fileID: 0}
    - target: {fileID: 1106201258415195621, guid: 286cf78adcd01d044ba7275b968e3d08,
        type: 3}
      propertyPath: m_SizeDelta.x
      value: 0
      objectReference: {fileID: 0}
    - target: {fileID: 1106201258415195621, guid: 286cf78adcd01d044ba7275b968e3d08,
        type: 3}
      propertyPath: m_SizeDelta.y
      value: 0
      objectReference: {fileID: 0}
    - target: {fileID: 1106201258415195621, guid: 286cf78adcd01d044ba7275b968e3d08,
        type: 3}
      propertyPath: m_AnchorMin.x
      value: 0
      objectReference: {fileID: 0}
    - target: {fileID: 1106201258415195621, guid: 286cf78adcd01d044ba7275b968e3d08,
        type: 3}
      propertyPath: m_AnchorMin.y
      value: 0
      objectReference: {fileID: 0}
    - target: {fileID: 1106201258415195621, guid: 286cf78adcd01d044ba7275b968e3d08,
        type: 3}
      propertyPath: m_AnchorMax.x
      value: 0
      objectReference: {fileID: 0}
    - target: {fileID: 1106201258415195621, guid: 286cf78adcd01d044ba7275b968e3d08,
        type: 3}
      propertyPath: m_AnchorMax.y
      value: 0
      objectReference: {fileID: 0}
    - target: {fileID: 1106201258415195621, guid: 286cf78adcd01d044ba7275b968e3d08,
        type: 3}
      propertyPath: m_Pivot.x
      value: 0.5
      objectReference: {fileID: 0}
    - target: {fileID: 1106201258415195621, guid: 286cf78adcd01d044ba7275b968e3d08,
        type: 3}
      propertyPath: m_Pivot.y
      value: 0.5
      objectReference: {fileID: 0}
    - target: {fileID: 1106201258415195642, guid: 286cf78adcd01d044ba7275b968e3d08,
        type: 3}
      propertyPath: m_Text
      value: "Resoluci\xF3n de\nPantalla"
      objectReference: {fileID: 0}
    m_RemovedComponents: []
  m_SourcePrefab: {fileID: 100100000, guid: 286cf78adcd01d044ba7275b968e3d08, type: 3}
--- !u!224 &2458033624197675095 stripped
RectTransform:
  m_CorrespondingSourceObject: {fileID: 1106201258415195621, guid: 286cf78adcd01d044ba7275b968e3d08,
    type: 3}
  m_PrefabInstance: {fileID: 3262493587310984626}
  m_PrefabAsset: {fileID: 0}
--- !u!1001 &5847010962690382594
PrefabInstance:
  m_ObjectHideFlags: 0
  serializedVersion: 2
  m_Modification:
    m_TransformParent: {fileID: 3262493586196156098}
    m_Modifications:
    - target: {fileID: 8962855797210383108, guid: 8ced0b953af8a6b45b3bdbd8d26fad03,
        type: 3}
      propertyPath: m_Name
      value: GraphicsDropdown
      objectReference: {fileID: 0}
    - target: {fileID: 8962855797210383109, guid: 8ced0b953af8a6b45b3bdbd8d26fad03,
        type: 3}
      propertyPath: m_LocalPosition.x
      value: 0
      objectReference: {fileID: 0}
    - target: {fileID: 8962855797210383109, guid: 8ced0b953af8a6b45b3bdbd8d26fad03,
        type: 3}
      propertyPath: m_LocalPosition.y
      value: 0
      objectReference: {fileID: 0}
    - target: {fileID: 8962855797210383109, guid: 8ced0b953af8a6b45b3bdbd8d26fad03,
        type: 3}
      propertyPath: m_LocalPosition.z
      value: 0
      objectReference: {fileID: 0}
    - target: {fileID: 8962855797210383109, guid: 8ced0b953af8a6b45b3bdbd8d26fad03,
        type: 3}
      propertyPath: m_LocalRotation.x
      value: -0
      objectReference: {fileID: 0}
    - target: {fileID: 8962855797210383109, guid: 8ced0b953af8a6b45b3bdbd8d26fad03,
        type: 3}
      propertyPath: m_LocalRotation.y
      value: -0
      objectReference: {fileID: 0}
    - target: {fileID: 8962855797210383109, guid: 8ced0b953af8a6b45b3bdbd8d26fad03,
        type: 3}
      propertyPath: m_LocalRotation.z
      value: -0
      objectReference: {fileID: 0}
    - target: {fileID: 8962855797210383109, guid: 8ced0b953af8a6b45b3bdbd8d26fad03,
        type: 3}
      propertyPath: m_LocalRotation.w
      value: 1
      objectReference: {fileID: 0}
    - target: {fileID: 8962855797210383109, guid: 8ced0b953af8a6b45b3bdbd8d26fad03,
        type: 3}
      propertyPath: m_RootOrder
      value: 1
      objectReference: {fileID: 0}
    - target: {fileID: 8962855797210383109, guid: 8ced0b953af8a6b45b3bdbd8d26fad03,
        type: 3}
      propertyPath: m_LocalEulerAnglesHint.x
      value: 0
      objectReference: {fileID: 0}
    - target: {fileID: 8962855797210383109, guid: 8ced0b953af8a6b45b3bdbd8d26fad03,
        type: 3}
      propertyPath: m_LocalEulerAnglesHint.y
      value: 0
      objectReference: {fileID: 0}
    - target: {fileID: 8962855797210383109, guid: 8ced0b953af8a6b45b3bdbd8d26fad03,
        type: 3}
      propertyPath: m_LocalEulerAnglesHint.z
      value: 0
      objectReference: {fileID: 0}
    - target: {fileID: 8962855797210383109, guid: 8ced0b953af8a6b45b3bdbd8d26fad03,
        type: 3}
      propertyPath: m_AnchoredPosition.x
      value: 0
      objectReference: {fileID: 0}
    - target: {fileID: 8962855797210383109, guid: 8ced0b953af8a6b45b3bdbd8d26fad03,
        type: 3}
      propertyPath: m_AnchoredPosition.y
      value: 0
      objectReference: {fileID: 0}
    - target: {fileID: 8962855797210383109, guid: 8ced0b953af8a6b45b3bdbd8d26fad03,
        type: 3}
      propertyPath: m_SizeDelta.x
      value: 0
      objectReference: {fileID: 0}
    - target: {fileID: 8962855797210383109, guid: 8ced0b953af8a6b45b3bdbd8d26fad03,
        type: 3}
      propertyPath: m_SizeDelta.y
      value: 0
      objectReference: {fileID: 0}
    - target: {fileID: 8962855797210383109, guid: 8ced0b953af8a6b45b3bdbd8d26fad03,
        type: 3}
      propertyPath: m_AnchorMin.x
      value: 0
      objectReference: {fileID: 0}
    - target: {fileID: 8962855797210383109, guid: 8ced0b953af8a6b45b3bdbd8d26fad03,
        type: 3}
      propertyPath: m_AnchorMin.y
      value: 0
      objectReference: {fileID: 0}
    - target: {fileID: 8962855797210383109, guid: 8ced0b953af8a6b45b3bdbd8d26fad03,
        type: 3}
      propertyPath: m_AnchorMax.x
      value: 0
      objectReference: {fileID: 0}
    - target: {fileID: 8962855797210383109, guid: 8ced0b953af8a6b45b3bdbd8d26fad03,
        type: 3}
      propertyPath: m_AnchorMax.y
      value: 0
      objectReference: {fileID: 0}
    - target: {fileID: 8962855797210383109, guid: 8ced0b953af8a6b45b3bdbd8d26fad03,
        type: 3}
      propertyPath: m_Pivot.x
      value: 0.5
      objectReference: {fileID: 0}
    - target: {fileID: 8962855797210383109, guid: 8ced0b953af8a6b45b3bdbd8d26fad03,
        type: 3}
      propertyPath: m_Pivot.y
      value: 0.5
      objectReference: {fileID: 0}
    - target: {fileID: 8962855797210383110, guid: 8ced0b953af8a6b45b3bdbd8d26fad03,
        type: 3}
      propertyPath: m_Options.m_Options.Array.size
      value: 4
      objectReference: {fileID: 0}
    - target: {fileID: 8962855797210383110, guid: 8ced0b953af8a6b45b3bdbd8d26fad03,
        type: 3}
      propertyPath: m_OnValueChanged.m_PersistentCalls.m_Calls.Array.size
      value: 1
      objectReference: {fileID: 0}
    - target: {fileID: 8962855797210383110, guid: 8ced0b953af8a6b45b3bdbd8d26fad03,
        type: 3}
      propertyPath: m_OnValueChanged.m_PersistentCalls.m_Calls.Array.data[0].m_Target
      value: 
      objectReference: {fileID: 3262493587731159587}
    - target: {fileID: 8962855797210383110, guid: 8ced0b953af8a6b45b3bdbd8d26fad03,
        type: 3}
      propertyPath: m_Options.m_Options.Array.data[0].m_Text
      value: Low
      objectReference: {fileID: 0}
    - target: {fileID: 8962855797210383110, guid: 8ced0b953af8a6b45b3bdbd8d26fad03,
        type: 3}
      propertyPath: m_Options.m_Options.Array.data[1].m_Text
      value: Medium
      objectReference: {fileID: 0}
    - target: {fileID: 8962855797210383110, guid: 8ced0b953af8a6b45b3bdbd8d26fad03,
        type: 3}
      propertyPath: m_Options.m_Options.Array.data[2].m_Text
      value: High
      objectReference: {fileID: 0}
    - target: {fileID: 8962855797210383110, guid: 8ced0b953af8a6b45b3bdbd8d26fad03,
        type: 3}
      propertyPath: m_Options.m_Options.Array.data[3].m_Text
      value: Very High
      objectReference: {fileID: 0}
    - target: {fileID: 8962855797210383110, guid: 8ced0b953af8a6b45b3bdbd8d26fad03,
        type: 3}
      propertyPath: m_OnValueChanged.m_PersistentCalls.m_Calls.Array.data[0].m_Mode
      value: 0
      objectReference: {fileID: 0}
    - target: {fileID: 8962855797210383110, guid: 8ced0b953af8a6b45b3bdbd8d26fad03,
        type: 3}
      propertyPath: m_OnValueChanged.m_PersistentCalls.m_Calls.Array.data[0].m_CallState
      value: 2
      objectReference: {fileID: 0}
    - target: {fileID: 8962855797210383110, guid: 8ced0b953af8a6b45b3bdbd8d26fad03,
        type: 3}
      propertyPath: m_OnValueChanged.m_PersistentCalls.m_Calls.Array.data[0].m_MethodName
      value: setQualitySettings
      objectReference: {fileID: 0}
    - target: {fileID: 8962855797210383110, guid: 8ced0b953af8a6b45b3bdbd8d26fad03,
        type: 3}
      propertyPath: m_OnValueChanged.m_PersistentCalls.m_Calls.Array.data[0].m_Arguments.m_ObjectArgumentAssemblyTypeName
      value: UnityEngine.Object, UnityEngine
      objectReference: {fileID: 0}
    - target: {fileID: 8962855797919983009, guid: 8ced0b953af8a6b45b3bdbd8d26fad03,
        type: 3}
      propertyPath: m_Text
      value: Medium
      objectReference: {fileID: 0}
    m_RemovedComponents: []
  m_SourcePrefab: {fileID: 100100000, guid: 8ced0b953af8a6b45b3bdbd8d26fad03, type: 3}
--- !u!224 &3262493587304028167 stripped
RectTransform:
  m_CorrespondingSourceObject: {fileID: 8962855797210383109, guid: 8ced0b953af8a6b45b3bdbd8d26fad03,
    type: 3}
  m_PrefabInstance: {fileID: 5847010962690382594}
  m_PrefabAsset: {fileID: 0}
--- !u!1001 &7310028687787695873
PrefabInstance:
  m_ObjectHideFlags: 0
  serializedVersion: 2
  m_Modification:
    m_TransformParent: {fileID: 3262493586196156098}
    m_Modifications:
    - target: {fileID: 5203000061265097977, guid: f414c21b7b2cdc24f854fc8b600cb2aa,
        type: 3}
      propertyPath: m_Name
      value: VolumeSlider
      objectReference: {fileID: 0}
    - target: {fileID: 5203000061265097976, guid: f414c21b7b2cdc24f854fc8b600cb2aa,
        type: 3}
      propertyPath: m_LocalPosition.x
      value: 0
      objectReference: {fileID: 0}
    - target: {fileID: 5203000061265097976, guid: f414c21b7b2cdc24f854fc8b600cb2aa,
        type: 3}
      propertyPath: m_LocalPosition.y
      value: 0
      objectReference: {fileID: 0}
    - target: {fileID: 5203000061265097976, guid: f414c21b7b2cdc24f854fc8b600cb2aa,
        type: 3}
      propertyPath: m_LocalPosition.z
      value: 0
      objectReference: {fileID: 0}
    - target: {fileID: 5203000061265097976, guid: f414c21b7b2cdc24f854fc8b600cb2aa,
        type: 3}
      propertyPath: m_LocalRotation.x
      value: -0
      objectReference: {fileID: 0}
    - target: {fileID: 5203000061265097976, guid: f414c21b7b2cdc24f854fc8b600cb2aa,
        type: 3}
      propertyPath: m_LocalRotation.y
      value: -0
      objectReference: {fileID: 0}
    - target: {fileID: 5203000061265097976, guid: f414c21b7b2cdc24f854fc8b600cb2aa,
        type: 3}
      propertyPath: m_LocalRotation.z
      value: -0
      objectReference: {fileID: 0}
    - target: {fileID: 5203000061265097976, guid: f414c21b7b2cdc24f854fc8b600cb2aa,
        type: 3}
      propertyPath: m_LocalRotation.w
      value: 1
      objectReference: {fileID: 0}
    - target: {fileID: 5203000061265097976, guid: f414c21b7b2cdc24f854fc8b600cb2aa,
        type: 3}
      propertyPath: m_RootOrder
      value: 7
      objectReference: {fileID: 0}
    - target: {fileID: 5203000061265097976, guid: f414c21b7b2cdc24f854fc8b600cb2aa,
        type: 3}
      propertyPath: m_LocalEulerAnglesHint.x
      value: 0
      objectReference: {fileID: 0}
    - target: {fileID: 5203000061265097976, guid: f414c21b7b2cdc24f854fc8b600cb2aa,
        type: 3}
      propertyPath: m_LocalEulerAnglesHint.y
      value: 0
      objectReference: {fileID: 0}
    - target: {fileID: 5203000061265097976, guid: f414c21b7b2cdc24f854fc8b600cb2aa,
        type: 3}
      propertyPath: m_LocalEulerAnglesHint.z
      value: 0
      objectReference: {fileID: 0}
    - target: {fileID: 5203000061265097976, guid: f414c21b7b2cdc24f854fc8b600cb2aa,
        type: 3}
      propertyPath: m_AnchoredPosition.x
      value: 0
      objectReference: {fileID: 0}
    - target: {fileID: 5203000061265097976, guid: f414c21b7b2cdc24f854fc8b600cb2aa,
        type: 3}
      propertyPath: m_AnchoredPosition.y
      value: 0
      objectReference: {fileID: 0}
    - target: {fileID: 5203000061265097976, guid: f414c21b7b2cdc24f854fc8b600cb2aa,
        type: 3}
      propertyPath: m_SizeDelta.x
      value: 0
      objectReference: {fileID: 0}
    - target: {fileID: 5203000061265097976, guid: f414c21b7b2cdc24f854fc8b600cb2aa,
        type: 3}
      propertyPath: m_SizeDelta.y
      value: 0
      objectReference: {fileID: 0}
    - target: {fileID: 5203000061265097976, guid: f414c21b7b2cdc24f854fc8b600cb2aa,
        type: 3}
      propertyPath: m_AnchorMin.x
      value: 0
      objectReference: {fileID: 0}
    - target: {fileID: 5203000061265097976, guid: f414c21b7b2cdc24f854fc8b600cb2aa,
        type: 3}
      propertyPath: m_AnchorMin.y
      value: 0
      objectReference: {fileID: 0}
    - target: {fileID: 5203000061265097976, guid: f414c21b7b2cdc24f854fc8b600cb2aa,
        type: 3}
      propertyPath: m_AnchorMax.x
      value: 0
      objectReference: {fileID: 0}
    - target: {fileID: 5203000061265097976, guid: f414c21b7b2cdc24f854fc8b600cb2aa,
        type: 3}
      propertyPath: m_AnchorMax.y
      value: 0
      objectReference: {fileID: 0}
    - target: {fileID: 5203000061265097976, guid: f414c21b7b2cdc24f854fc8b600cb2aa,
        type: 3}
      propertyPath: m_Pivot.x
      value: 0.5
      objectReference: {fileID: 0}
    - target: {fileID: 5203000061265097976, guid: f414c21b7b2cdc24f854fc8b600cb2aa,
        type: 3}
      propertyPath: m_Pivot.y
      value: 0.5
      objectReference: {fileID: 0}
    - target: {fileID: 5203000060868477534, guid: f414c21b7b2cdc24f854fc8b600cb2aa,
        type: 3}
      propertyPath: m_AnchorMax.x
      value: 0
      objectReference: {fileID: 0}
    - target: {fileID: 5203000060868477534, guid: f414c21b7b2cdc24f854fc8b600cb2aa,
        type: 3}
      propertyPath: m_AnchorMax.y
      value: 0
      objectReference: {fileID: 0}
    - target: {fileID: 5203000061265097983, guid: f414c21b7b2cdc24f854fc8b600cb2aa,
        type: 3}
      propertyPath: m_OnValueChanged.m_PersistentCalls.m_Calls.Array.data[0].m_Target
      value: 
      objectReference: {fileID: 3262493587731159587}
    - target: {fileID: 5203000061853277016, guid: f414c21b7b2cdc24f854fc8b600cb2aa,
        type: 3}
      propertyPath: m_AnchorMin.x
      value: 0
      objectReference: {fileID: 0}
    - target: {fileID: 5203000061853277016, guid: f414c21b7b2cdc24f854fc8b600cb2aa,
        type: 3}
      propertyPath: m_AnchorMax.x
      value: 0
      objectReference: {fileID: 0}
    - target: {fileID: 5203000061853277016, guid: f414c21b7b2cdc24f854fc8b600cb2aa,
        type: 3}
      propertyPath: m_AnchorMax.y
      value: 0
      objectReference: {fileID: 0}
    m_RemovedComponents: []
  m_SourcePrefab: {fileID: 100100000, guid: f414c21b7b2cdc24f854fc8b600cb2aa, type: 3}
--- !u!224 &3262493586671447033 stripped
RectTransform:
  m_CorrespondingSourceObject: {fileID: 5203000061265097976, guid: f414c21b7b2cdc24f854fc8b600cb2aa,
    type: 3}
  m_PrefabInstance: {fileID: 7310028687787695873}
  m_PrefabAsset: {fileID: 0}
