%YAML 1.1
%TAG !u! tag:unity3d.com,2011:
--- !u!29 &1
OcclusionCullingSettings:
  m_ObjectHideFlags: 0
  serializedVersion: 2
  m_OcclusionBakeSettings:
    smallestOccluder: 5
    smallestHole: 0.25
    backfaceThreshold: 100
  m_SceneGUID: 00000000000000000000000000000000
  m_OcclusionCullingData: {fileID: 0}
--- !u!104 &2
RenderSettings:
  m_ObjectHideFlags: 0
  serializedVersion: 9
  m_Fog: 0
  m_FogColor: {r: 0.5, g: 0.5, b: 0.5, a: 1}
  m_FogMode: 3
  m_FogDensity: 0.01
  m_LinearFogStart: 0
  m_LinearFogEnd: 300
  m_AmbientSkyColor: {r: 0.212, g: 0.227, b: 0.259, a: 1}
  m_AmbientEquatorColor: {r: 0.114, g: 0.125, b: 0.133, a: 1}
  m_AmbientGroundColor: {r: 0.047, g: 0.043, b: 0.035, a: 1}
  m_AmbientIntensity: 1
  m_AmbientMode: 0
  m_SubtractiveShadowColor: {r: 0.42, g: 0.478, b: 0.627, a: 1}
  m_SkyboxMaterial: {fileID: 10304, guid: 0000000000000000f000000000000000, type: 0}
  m_HaloStrength: 0.5
  m_FlareStrength: 1
  m_FlareFadeSpeed: 3
  m_HaloTexture: {fileID: 0}
  m_SpotCookie: {fileID: 10001, guid: 0000000000000000e000000000000000, type: 0}
  m_DefaultReflectionMode: 0
  m_DefaultReflectionResolution: 128
  m_ReflectionBounces: 1
  m_ReflectionIntensity: 1
  m_CustomReflection: {fileID: 0}
  m_Sun: {fileID: 0}
  m_IndirectSpecularColor: {r: 0.44657844, g: 0.49641222, b: 0.57481694, a: 1}
  m_UseRadianceAmbientProbe: 0
--- !u!157 &3
LightmapSettings:
  m_ObjectHideFlags: 0
  serializedVersion: 11
  m_GIWorkflowMode: 0
  m_GISettings:
    serializedVersion: 2
    m_BounceScale: 1
    m_IndirectOutputScale: 1
    m_AlbedoBoost: 1
    m_EnvironmentLightingMode: 0
    m_EnableBakedLightmaps: 1
    m_EnableRealtimeLightmaps: 1
  m_LightmapEditorSettings:
    serializedVersion: 12
    m_Resolution: 2
    m_BakeResolution: 40
    m_AtlasSize: 1024
    m_AO: 0
    m_AOMaxDistance: 1
    m_CompAOExponent: 1
    m_CompAOExponentDirect: 0
    m_ExtractAmbientOcclusion: 0
    m_Padding: 2
    m_LightmapParameters: {fileID: 0}
    m_LightmapsBakeMode: 1
    m_TextureCompression: 1
    m_FinalGather: 0
    m_FinalGatherFiltering: 1
    m_FinalGatherRayCount: 256
    m_ReflectionCompression: 2
    m_MixedBakeMode: 2
    m_BakeBackend: 1
    m_PVRSampling: 1
    m_PVRDirectSampleCount: 32
    m_PVRSampleCount: 500
    m_PVRBounces: 2
    m_PVREnvironmentSampleCount: 500
    m_PVREnvironmentReferencePointCount: 2048
    m_PVRFilteringMode: 2
    m_PVRDenoiserTypeDirect: 0
    m_PVRDenoiserTypeIndirect: 0
    m_PVRDenoiserTypeAO: 0
    m_PVRFilterTypeDirect: 0
    m_PVRFilterTypeIndirect: 0
    m_PVRFilterTypeAO: 0
    m_PVREnvironmentMIS: 0
    m_PVRCulling: 1
    m_PVRFilteringGaussRadiusDirect: 1
    m_PVRFilteringGaussRadiusIndirect: 5
    m_PVRFilteringGaussRadiusAO: 2
    m_PVRFilteringAtrousPositionSigmaDirect: 0.5
    m_PVRFilteringAtrousPositionSigmaIndirect: 2
    m_PVRFilteringAtrousPositionSigmaAO: 1
    m_ShowResolutionOverlay: 1
    m_ExportTrainingData: 0
  m_LightingDataAsset: {fileID: 0}
  m_UseShadowmask: 1
--- !u!196 &4
NavMeshSettings:
  serializedVersion: 2
  m_ObjectHideFlags: 0
  m_BuildSettings:
    serializedVersion: 2
    agentTypeID: 0
    agentRadius: 0.5
    agentHeight: 2
    agentSlope: 45
    agentClimb: 0.4
    ledgeDropHeight: 0
    maxJumpAcrossDistance: 0
    minRegionArea: 2
    manualCellSize: 0
    cellSize: 0.16666667
    manualTileSize: 0
    tileSize: 256
    accuratePlacement: 0
    debug:
      m_Flags: 0
  m_NavMeshData: {fileID: 23800000, guid: 6e428d27dd32296438945317b99ed030, type: 2}
--- !u!1001 &296638273
PrefabInstance:
  m_ObjectHideFlags: 0
  serializedVersion: 2
  m_Modification:
    m_TransformParent: {fileID: 0}
    m_Modifications:
    - target: {fileID: 6748163264671928122, guid: 745a7ab73a108a94b8ec621e133d9b6b,
        type: 3}
      propertyPath: m_Name
      value: EnemigoIABase (4)
      objectReference: {fileID: 0}
    - target: {fileID: 6748163264671928121, guid: 745a7ab73a108a94b8ec621e133d9b6b,
        type: 3}
      propertyPath: m_LocalPosition.x
      value: 246.08
      objectReference: {fileID: 0}
    - target: {fileID: 6748163264671928121, guid: 745a7ab73a108a94b8ec621e133d9b6b,
        type: 3}
      propertyPath: m_LocalPosition.y
      value: 0
      objectReference: {fileID: 0}
    - target: {fileID: 6748163264671928121, guid: 745a7ab73a108a94b8ec621e133d9b6b,
        type: 3}
      propertyPath: m_LocalPosition.z
      value: 260
      objectReference: {fileID: 0}
    - target: {fileID: 6748163264671928121, guid: 745a7ab73a108a94b8ec621e133d9b6b,
        type: 3}
      propertyPath: m_LocalRotation.x
      value: 0
      objectReference: {fileID: 0}
    - target: {fileID: 6748163264671928121, guid: 745a7ab73a108a94b8ec621e133d9b6b,
        type: 3}
      propertyPath: m_LocalRotation.y
      value: 0
      objectReference: {fileID: 0}
    - target: {fileID: 6748163264671928121, guid: 745a7ab73a108a94b8ec621e133d9b6b,
        type: 3}
      propertyPath: m_LocalRotation.z
      value: 0
      objectReference: {fileID: 0}
    - target: {fileID: 6748163264671928121, guid: 745a7ab73a108a94b8ec621e133d9b6b,
        type: 3}
      propertyPath: m_LocalRotation.w
      value: 1
      objectReference: {fileID: 0}
    - target: {fileID: 6748163264671928121, guid: 745a7ab73a108a94b8ec621e133d9b6b,
        type: 3}
      propertyPath: m_RootOrder
      value: 11
      objectReference: {fileID: 0}
    - target: {fileID: 6748163264671928121, guid: 745a7ab73a108a94b8ec621e133d9b6b,
        type: 3}
      propertyPath: m_LocalEulerAnglesHint.x
      value: 0
      objectReference: {fileID: 0}
    - target: {fileID: 6748163264671928121, guid: 745a7ab73a108a94b8ec621e133d9b6b,
        type: 3}
      propertyPath: m_LocalEulerAnglesHint.y
      value: 0
      objectReference: {fileID: 0}
    - target: {fileID: 6748163264671928121, guid: 745a7ab73a108a94b8ec621e133d9b6b,
        type: 3}
      propertyPath: m_LocalEulerAnglesHint.z
      value: 0
      objectReference: {fileID: 0}
    - target: {fileID: 6748163264199100314, guid: 745a7ab73a108a94b8ec621e133d9b6b,
        type: 3}
      propertyPath: target
      value: 
      objectReference: {fileID: 1624597433}
    m_RemovedComponents: []
  m_SourcePrefab: {fileID: 100100000, guid: 745a7ab73a108a94b8ec621e133d9b6b, type: 3}
--- !u!1 &478150503
GameObject:
  m_ObjectHideFlags: 0
  m_CorrespondingSourceObject: {fileID: 0}
  m_PrefabInstance: {fileID: 0}
  m_PrefabAsset: {fileID: 0}
  serializedVersion: 6
  m_Component:
  - component: {fileID: 478150505}
  m_Layer: 0
  m_Name: SaludEnemigo
  m_TagString: Untagged
  m_Icon: {fileID: 0}
  m_NavMeshLayer: 0
  m_StaticEditorFlags: 0
  m_IsActive: 0
--- !u!4 &478150505
Transform:
  m_ObjectHideFlags: 0
  m_CorrespondingSourceObject: {fileID: 0}
  m_PrefabInstance: {fileID: 0}
  m_PrefabAsset: {fileID: 0}
  m_GameObject: {fileID: 478150503}
  m_LocalRotation: {x: -0, y: 1, z: -0, w: 0}
  m_LocalPosition: {x: 254, y: 1.3, z: 260}
  m_LocalScale: {x: 1, y: 1, z: 1}
  m_Children:
  - {fileID: 1732139225}
  - {fileID: 2115179896}
  m_Father: {fileID: 0}
  m_RootOrder: 17
  m_LocalEulerAnglesHint: {x: 0, y: 180, z: 0}
--- !u!1001 &538152463
PrefabInstance:
  m_ObjectHideFlags: 0
  serializedVersion: 2
  m_Modification:
    m_TransformParent: {fileID: 0}
    m_Modifications:
    - target: {fileID: 155280, guid: 41d1cac196452694fb10f2476db79e6e, type: 3}
      propertyPath: m_Name
      value: key_silver
      objectReference: {fileID: 0}
    - target: {fileID: 469694, guid: 41d1cac196452694fb10f2476db79e6e, type: 3}
      propertyPath: m_LocalPosition.x
      value: 250
      objectReference: {fileID: 0}
    - target: {fileID: 469694, guid: 41d1cac196452694fb10f2476db79e6e, type: 3}
      propertyPath: m_LocalPosition.y
      value: 0.5
      objectReference: {fileID: 0}
    - target: {fileID: 469694, guid: 41d1cac196452694fb10f2476db79e6e, type: 3}
      propertyPath: m_LocalPosition.z
      value: 252
      objectReference: {fileID: 0}
    - target: {fileID: 469694, guid: 41d1cac196452694fb10f2476db79e6e, type: 3}
      propertyPath: m_LocalRotation.x
      value: 0
      objectReference: {fileID: 0}
    - target: {fileID: 469694, guid: 41d1cac196452694fb10f2476db79e6e, type: 3}
      propertyPath: m_LocalRotation.y
      value: 0
      objectReference: {fileID: 0}
    - target: {fileID: 469694, guid: 41d1cac196452694fb10f2476db79e6e, type: 3}
      propertyPath: m_LocalRotation.z
      value: 0
      objectReference: {fileID: 0}
    - target: {fileID: 469694, guid: 41d1cac196452694fb10f2476db79e6e, type: 3}
      propertyPath: m_LocalRotation.w
      value: 1
      objectReference: {fileID: 0}
    - target: {fileID: 469694, guid: 41d1cac196452694fb10f2476db79e6e, type: 3}
      propertyPath: m_RootOrder
      value: 16
      objectReference: {fileID: 0}
    - target: {fileID: 469694, guid: 41d1cac196452694fb10f2476db79e6e, type: 3}
      propertyPath: m_LocalEulerAnglesHint.x
      value: 0
      objectReference: {fileID: 0}
    - target: {fileID: 469694, guid: 41d1cac196452694fb10f2476db79e6e, type: 3}
      propertyPath: m_LocalEulerAnglesHint.y
      value: 0
      objectReference: {fileID: 0}
    - target: {fileID: 469694, guid: 41d1cac196452694fb10f2476db79e6e, type: 3}
      propertyPath: m_LocalEulerAnglesHint.z
      value: 0
      objectReference: {fileID: 0}
    m_RemovedComponents: []
  m_SourcePrefab: {fileID: 100100000, guid: 41d1cac196452694fb10f2476db79e6e, type: 3}
--- !u!1 &561870563
GameObject:
  m_ObjectHideFlags: 0
  m_CorrespondingSourceObject: {fileID: 0}
  m_PrefabInstance: {fileID: 0}
  m_PrefabAsset: {fileID: 0}
  serializedVersion: 6
  m_Component:
  - component: {fileID: 561870566}
  - component: {fileID: 561870565}
  - component: {fileID: 561870564}
  m_Layer: 0
  m_Name: EventSystem
  m_TagString: Untagged
  m_Icon: {fileID: 0}
  m_NavMeshLayer: 0
  m_StaticEditorFlags: 0
  m_IsActive: 1
--- !u!114 &561870564
MonoBehaviour:
  m_ObjectHideFlags: 0
  m_CorrespondingSourceObject: {fileID: 0}
  m_PrefabInstance: {fileID: 0}
  m_PrefabAsset: {fileID: 0}
  m_GameObject: {fileID: 561870563}
  m_Enabled: 1
  m_EditorHideFlags: 0
  m_Script: {fileID: 1077351063, guid: f70555f144d8491a825f0804e09c671c, type: 3}
  m_Name: 
  m_EditorClassIdentifier: 
  m_HorizontalAxis: Horizontal
  m_VerticalAxis: Vertical
  m_SubmitButton: Submit
  m_CancelButton: Cancel
  m_InputActionsPerSecond: 10
  m_RepeatDelay: 0.5
  m_ForceModuleActive: 0
--- !u!114 &561870565
MonoBehaviour:
  m_ObjectHideFlags: 0
  m_CorrespondingSourceObject: {fileID: 0}
  m_PrefabInstance: {fileID: 0}
  m_PrefabAsset: {fileID: 0}
  m_GameObject: {fileID: 561870563}
  m_Enabled: 1
  m_EditorHideFlags: 0
  m_Script: {fileID: -619905303, guid: f70555f144d8491a825f0804e09c671c, type: 3}
  m_Name: 
  m_EditorClassIdentifier: 
  m_FirstSelected: {fileID: 0}
  m_sendNavigationEvents: 1
  m_DragThreshold: 10
--- !u!4 &561870566
Transform:
  m_ObjectHideFlags: 0
  m_CorrespondingSourceObject: {fileID: 0}
  m_PrefabInstance: {fileID: 0}
  m_PrefabAsset: {fileID: 0}
  m_GameObject: {fileID: 561870563}
  m_LocalRotation: {x: 0, y: 0, z: 0, w: 1}
  m_LocalPosition: {x: 0, y: 0, z: 0}
  m_LocalScale: {x: 1, y: 1, z: 1}
  m_Children: []
  m_Father: {fileID: 0}
  m_RootOrder: 15
  m_LocalEulerAnglesHint: {x: 0, y: 0, z: 0}
--- !u!1001 &791399309
PrefabInstance:
  m_ObjectHideFlags: 0
  serializedVersion: 2
  m_Modification:
    m_TransformParent: {fileID: 0}
    m_Modifications:
    - target: {fileID: 4712987620088938095, guid: 8d3760fa6a8245a41b0bf189e7a004bc,
        type: 3}
      propertyPath: m_Name
      value: Potions4 Variant (1)
      objectReference: {fileID: 0}
    - target: {fileID: 4712987620088570447, guid: 8d3760fa6a8245a41b0bf189e7a004bc,
        type: 3}
      propertyPath: m_LocalPosition.x
      value: 254.36
      objectReference: {fileID: 0}
    - target: {fileID: 4712987620088570447, guid: 8d3760fa6a8245a41b0bf189e7a004bc,
        type: 3}
      propertyPath: m_LocalPosition.y
      value: 1.57
      objectReference: {fileID: 0}
    - target: {fileID: 4712987620088570447, guid: 8d3760fa6a8245a41b0bf189e7a004bc,
        type: 3}
      propertyPath: m_LocalPosition.z
      value: 252.995
      objectReference: {fileID: 0}
    - target: {fileID: 4712987620088570447, guid: 8d3760fa6a8245a41b0bf189e7a004bc,
        type: 3}
      propertyPath: m_LocalRotation.x
      value: -0.7012178
      objectReference: {fileID: 0}
    - target: {fileID: 4712987620088570447, guid: 8d3760fa6a8245a41b0bf189e7a004bc,
        type: 3}
      propertyPath: m_LocalRotation.y
      value: -0.091070205
      objectReference: {fileID: 0}
    - target: {fileID: 4712987620088570447, guid: 8d3760fa6a8245a41b0bf189e7a004bc,
        type: 3}
      propertyPath: m_LocalRotation.z
      value: 0.091070205
      objectReference: {fileID: 0}
    - target: {fileID: 4712987620088570447, guid: 8d3760fa6a8245a41b0bf189e7a004bc,
        type: 3}
      propertyPath: m_LocalRotation.w
      value: 0.70121765
      objectReference: {fileID: 0}
    - target: {fileID: 4712987620088570447, guid: 8d3760fa6a8245a41b0bf189e7a004bc,
        type: 3}
      propertyPath: m_RootOrder
      value: 3
      objectReference: {fileID: 0}
    - target: {fileID: 4712987620088570447, guid: 8d3760fa6a8245a41b0bf189e7a004bc,
        type: 3}
      propertyPath: m_LocalEulerAnglesHint.x
      value: -75.200005
      objectReference: {fileID: 0}
    - target: {fileID: 4712987620088570447, guid: 8d3760fa6a8245a41b0bf189e7a004bc,
        type: 3}
      propertyPath: m_LocalEulerAnglesHint.y
      value: -90.00001
      objectReference: {fileID: 0}
    - target: {fileID: 4712987620088570447, guid: 8d3760fa6a8245a41b0bf189e7a004bc,
        type: 3}
      propertyPath: m_LocalEulerAnglesHint.z
      value: 90.00001
      objectReference: {fileID: 0}
    m_RemovedComponents: []
  m_SourcePrefab: {fileID: 100100000, guid: 8d3760fa6a8245a41b0bf189e7a004bc, type: 3}
--- !u!1001 &876795254
PrefabInstance:
  m_ObjectHideFlags: 0
  serializedVersion: 2
  m_Modification:
    m_TransformParent: {fileID: 0}
    m_Modifications:
    - target: {fileID: 6748163264671928122, guid: 745a7ab73a108a94b8ec621e133d9b6b,
        type: 3}
      propertyPath: m_Name
      value: EnemigoIABase (3)
      objectReference: {fileID: 0}
    - target: {fileID: 6748163264671928121, guid: 745a7ab73a108a94b8ec621e133d9b6b,
        type: 3}
      propertyPath: m_LocalPosition.x
      value: 238.7
      objectReference: {fileID: 0}
    - target: {fileID: 6748163264671928121, guid: 745a7ab73a108a94b8ec621e133d9b6b,
        type: 3}
      propertyPath: m_LocalPosition.y
      value: 0
      objectReference: {fileID: 0}
    - target: {fileID: 6748163264671928121, guid: 745a7ab73a108a94b8ec621e133d9b6b,
        type: 3}
      propertyPath: m_LocalPosition.z
      value: 260
      objectReference: {fileID: 0}
    - target: {fileID: 6748163264671928121, guid: 745a7ab73a108a94b8ec621e133d9b6b,
        type: 3}
      propertyPath: m_LocalRotation.x
      value: 0
      objectReference: {fileID: 0}
    - target: {fileID: 6748163264671928121, guid: 745a7ab73a108a94b8ec621e133d9b6b,
        type: 3}
      propertyPath: m_LocalRotation.y
      value: 0
      objectReference: {fileID: 0}
    - target: {fileID: 6748163264671928121, guid: 745a7ab73a108a94b8ec621e133d9b6b,
        type: 3}
      propertyPath: m_LocalRotation.z
      value: 0
      objectReference: {fileID: 0}
    - target: {fileID: 6748163264671928121, guid: 745a7ab73a108a94b8ec621e133d9b6b,
        type: 3}
      propertyPath: m_LocalRotation.w
      value: 1
      objectReference: {fileID: 0}
    - target: {fileID: 6748163264671928121, guid: 745a7ab73a108a94b8ec621e133d9b6b,
        type: 3}
      propertyPath: m_RootOrder
      value: 10
      objectReference: {fileID: 0}
    - target: {fileID: 6748163264671928121, guid: 745a7ab73a108a94b8ec621e133d9b6b,
        type: 3}
      propertyPath: m_LocalEulerAnglesHint.x
      value: 0
      objectReference: {fileID: 0}
    - target: {fileID: 6748163264671928121, guid: 745a7ab73a108a94b8ec621e133d9b6b,
        type: 3}
      propertyPath: m_LocalEulerAnglesHint.y
      value: 0
      objectReference: {fileID: 0}
    - target: {fileID: 6748163264671928121, guid: 745a7ab73a108a94b8ec621e133d9b6b,
        type: 3}
      propertyPath: m_LocalEulerAnglesHint.z
      value: 0
      objectReference: {fileID: 0}
    - target: {fileID: 6748163264199100314, guid: 745a7ab73a108a94b8ec621e133d9b6b,
        type: 3}
      propertyPath: target
      value: 
      objectReference: {fileID: 1624597433}
    m_RemovedComponents: []
  m_SourcePrefab: {fileID: 100100000, guid: 745a7ab73a108a94b8ec621e133d9b6b, type: 3}
--- !u!1001 &934360930
PrefabInstance:
  m_ObjectHideFlags: 0
  serializedVersion: 2
  m_Modification:
    m_TransformParent: {fileID: 0}
    m_Modifications:
    - target: {fileID: 1804676958462428, guid: 084fa9e7cca92b242a8ee537508fb37a, type: 3}
      propertyPath: m_Name
      value: BattleReadySwordClean
      objectReference: {fileID: 0}
    - target: {fileID: 1804676958462428, guid: 084fa9e7cca92b242a8ee537508fb37a, type: 3}
      propertyPath: m_IsActive
      value: 0
      objectReference: {fileID: 0}
    - target: {fileID: 4488612478455612, guid: 084fa9e7cca92b242a8ee537508fb37a, type: 3}
      propertyPath: m_LocalPosition.x
      value: 251.94
      objectReference: {fileID: 0}
    - target: {fileID: 4488612478455612, guid: 084fa9e7cca92b242a8ee537508fb37a, type: 3}
      propertyPath: m_LocalPosition.y
      value: 0.40557
      objectReference: {fileID: 0}
    - target: {fileID: 4488612478455612, guid: 084fa9e7cca92b242a8ee537508fb37a, type: 3}
      propertyPath: m_LocalPosition.z
      value: 252.36
      objectReference: {fileID: 0}
    - target: {fileID: 4488612478455612, guid: 084fa9e7cca92b242a8ee537508fb37a, type: 3}
      propertyPath: m_LocalRotation.x
      value: 0
      objectReference: {fileID: 0}
    - target: {fileID: 4488612478455612, guid: 084fa9e7cca92b242a8ee537508fb37a, type: 3}
      propertyPath: m_LocalRotation.y
      value: 0
      objectReference: {fileID: 0}
    - target: {fileID: 4488612478455612, guid: 084fa9e7cca92b242a8ee537508fb37a, type: 3}
      propertyPath: m_LocalRotation.z
      value: 0.7071068
      objectReference: {fileID: 0}
    - target: {fileID: 4488612478455612, guid: 084fa9e7cca92b242a8ee537508fb37a, type: 3}
      propertyPath: m_LocalRotation.w
      value: 0.7071068
      objectReference: {fileID: 0}
    - target: {fileID: 4488612478455612, guid: 084fa9e7cca92b242a8ee537508fb37a, type: 3}
      propertyPath: m_RootOrder
      value: 2
      objectReference: {fileID: 0}
    - target: {fileID: 4488612478455612, guid: 084fa9e7cca92b242a8ee537508fb37a, type: 3}
      propertyPath: m_LocalEulerAnglesHint.x
      value: 0
      objectReference: {fileID: 0}
    - target: {fileID: 4488612478455612, guid: 084fa9e7cca92b242a8ee537508fb37a, type: 3}
      propertyPath: m_LocalEulerAnglesHint.y
      value: 0
      objectReference: {fileID: 0}
    - target: {fileID: 4488612478455612, guid: 084fa9e7cca92b242a8ee537508fb37a, type: 3}
      propertyPath: m_LocalEulerAnglesHint.z
      value: 90
      objectReference: {fileID: 0}
    - target: {fileID: 4488612478455612, guid: 084fa9e7cca92b242a8ee537508fb37a, type: 3}
      propertyPath: m_LocalScale.x
      value: 0.36983
      objectReference: {fileID: 0}
    - target: {fileID: 4488612478455612, guid: 084fa9e7cca92b242a8ee537508fb37a, type: 3}
      propertyPath: m_LocalScale.y
      value: 0.36983
      objectReference: {fileID: 0}
    - target: {fileID: 4488612478455612, guid: 084fa9e7cca92b242a8ee537508fb37a, type: 3}
      propertyPath: m_LocalScale.z
      value: 0.36983
      objectReference: {fileID: 0}
    - target: {fileID: 1171576812540936, guid: 084fa9e7cca92b242a8ee537508fb37a, type: 3}
      propertyPath: m_IsActive
      value: 1
      objectReference: {fileID: 0}
    - target: {fileID: 1502331818698572, guid: 084fa9e7cca92b242a8ee537508fb37a, type: 3}
      propertyPath: m_IsActive
      value: 0
      objectReference: {fileID: 0}
    m_RemovedComponents: []
  m_SourcePrefab: {fileID: 100100000, guid: 084fa9e7cca92b242a8ee537508fb37a, type: 3}
--- !u!1 &978949171 stripped
GameObject:
  m_CorrespondingSourceObject: {fileID: 6536487036682112362, guid: 6735be1d956db9d4b88d1abebcb18fc7,
    type: 3}
  m_PrefabInstance: {fileID: 6536487035068565414}
  m_PrefabAsset: {fileID: 0}
--- !u!1001 &1062733073
PrefabInstance:
  m_ObjectHideFlags: 0
  serializedVersion: 2
  m_Modification:
    m_TransformParent: {fileID: 0}
    m_Modifications:
    - target: {fileID: 6748163264671928122, guid: 745a7ab73a108a94b8ec621e133d9b6b,
        type: 3}
      propertyPath: m_Name
      value: EnemigoIABase (2)
      objectReference: {fileID: 0}
    - target: {fileID: 6748163264671928121, guid: 745a7ab73a108a94b8ec621e133d9b6b,
        type: 3}
      propertyPath: m_LocalPosition.x
      value: 232.02
      objectReference: {fileID: 0}
    - target: {fileID: 6748163264671928121, guid: 745a7ab73a108a94b8ec621e133d9b6b,
        type: 3}
      propertyPath: m_LocalPosition.y
      value: 0
      objectReference: {fileID: 0}
    - target: {fileID: 6748163264671928121, guid: 745a7ab73a108a94b8ec621e133d9b6b,
        type: 3}
      propertyPath: m_LocalPosition.z
      value: 260
      objectReference: {fileID: 0}
    - target: {fileID: 6748163264671928121, guid: 745a7ab73a108a94b8ec621e133d9b6b,
        type: 3}
      propertyPath: m_LocalRotation.x
      value: 0
      objectReference: {fileID: 0}
    - target: {fileID: 6748163264671928121, guid: 745a7ab73a108a94b8ec621e133d9b6b,
        type: 3}
      propertyPath: m_LocalRotation.y
      value: 0
      objectReference: {fileID: 0}
    - target: {fileID: 6748163264671928121, guid: 745a7ab73a108a94b8ec621e133d9b6b,
        type: 3}
      propertyPath: m_LocalRotation.z
      value: 0
      objectReference: {fileID: 0}
    - target: {fileID: 6748163264671928121, guid: 745a7ab73a108a94b8ec621e133d9b6b,
        type: 3}
      propertyPath: m_LocalRotation.w
      value: 1
      objectReference: {fileID: 0}
    - target: {fileID: 6748163264671928121, guid: 745a7ab73a108a94b8ec621e133d9b6b,
        type: 3}
      propertyPath: m_RootOrder
      value: 9
      objectReference: {fileID: 0}
    - target: {fileID: 6748163264671928121, guid: 745a7ab73a108a94b8ec621e133d9b6b,
        type: 3}
      propertyPath: m_LocalEulerAnglesHint.x
      value: 0
      objectReference: {fileID: 0}
    - target: {fileID: 6748163264671928121, guid: 745a7ab73a108a94b8ec621e133d9b6b,
        type: 3}
      propertyPath: m_LocalEulerAnglesHint.y
      value: 0
      objectReference: {fileID: 0}
    - target: {fileID: 6748163264671928121, guid: 745a7ab73a108a94b8ec621e133d9b6b,
        type: 3}
      propertyPath: m_LocalEulerAnglesHint.z
      value: 0
      objectReference: {fileID: 0}
    - target: {fileID: 6748163264199100314, guid: 745a7ab73a108a94b8ec621e133d9b6b,
        type: 3}
      propertyPath: target
      value: 
      objectReference: {fileID: 1624597433}
    m_RemovedComponents: []
  m_SourcePrefab: {fileID: 100100000, guid: 745a7ab73a108a94b8ec621e133d9b6b, type: 3}
--- !u!1 &1128937665
GameObject:
  m_ObjectHideFlags: 0
  m_CorrespondingSourceObject: {fileID: 0}
  m_PrefabInstance: {fileID: 0}
  m_PrefabAsset: {fileID: 0}
  serializedVersion: 6
  m_Component:
  - component: {fileID: 1128937668}
  - component: {fileID: 1128937667}
  - component: {fileID: 1128937666}
  - component: {fileID: 1128937669}
  m_Layer: 0
  m_Name: Terrain
  m_TagString: Untagged
  m_Icon: {fileID: 0}
  m_NavMeshLayer: 0
  m_StaticEditorFlags: 4294967295
  m_IsActive: 1
--- !u!154 &1128937666
TerrainCollider:
  m_ObjectHideFlags: 0
  m_CorrespondingSourceObject: {fileID: 0}
  m_PrefabInstance: {fileID: 0}
  m_PrefabAsset: {fileID: 0}
  m_GameObject: {fileID: 1128937665}
  m_Material: {fileID: 0}
  m_Enabled: 1
  m_TerrainData: {fileID: 15600000, guid: 7ea0e5af397194040bce796ee94b4ed2, type: 2}
  m_EnableTreeColliders: 1
--- !u!218 &1128937667
Terrain:
  m_ObjectHideFlags: 0
  m_CorrespondingSourceObject: {fileID: 0}
  m_PrefabInstance: {fileID: 0}
  m_PrefabAsset: {fileID: 0}
  m_GameObject: {fileID: 1128937665}
  m_Enabled: 1
  serializedVersion: 4
  m_TerrainData: {fileID: 15600000, guid: 7ea0e5af397194040bce796ee94b4ed2, type: 2}
  m_TreeDistance: 5000
  m_TreeBillboardDistance: 50
  m_TreeCrossFadeLength: 5
  m_TreeMaximumFullLODCount: 50
  m_DetailObjectDistance: 80
  m_DetailObjectDensity: 1
  m_HeightmapPixelError: 5
  m_SplatMapDistance: 1000
  m_HeightmapMaximumLOD: 0
  m_ShadowCastingMode: 2
  m_DrawHeightmap: 1
  m_DrawInstanced: 0
  m_DrawTreesAndFoliage: 1
  m_ReflectionProbeUsage: 1
  m_MaterialType: 0
  m_LegacySpecular:
    serializedVersion: 2
    rgba: 4286545791
  m_LegacyShininess: 0.078125
  m_MaterialTemplate: {fileID: 0}
  m_BakeLightProbesForTrees: 1
  m_PreserveTreePrototypeLayers: 0
  m_DeringLightProbesForTrees: 1
  m_ScaleInLightmap: 0.0512
  m_LightmapParameters: {fileID: 15203, guid: 0000000000000000f000000000000000, type: 0}
  m_GroupingID: 0
  m_AllowAutoConnect: 1
--- !u!4 &1128937668
Transform:
  m_ObjectHideFlags: 0
  m_CorrespondingSourceObject: {fileID: 0}
  m_PrefabInstance: {fileID: 0}
  m_PrefabAsset: {fileID: 0}
  m_GameObject: {fileID: 1128937665}
  m_LocalRotation: {x: 0, y: 0, z: 0, w: 1}
  m_LocalPosition: {x: 0, y: 0, z: 0}
  m_LocalScale: {x: 1, y: 1, z: 1}
  m_Children: []
  m_Father: {fileID: 0}
  m_RootOrder: 5
  m_LocalEulerAnglesHint: {x: 0, y: 0, z: 0}
--- !u!23 &1128937669
MeshRenderer:
  m_ObjectHideFlags: 0
  m_CorrespondingSourceObject: {fileID: 0}
  m_PrefabInstance: {fileID: 0}
  m_PrefabAsset: {fileID: 0}
  m_GameObject: {fileID: 1128937665}
  m_Enabled: 1
  m_CastShadows: 1
  m_ReceiveShadows: 1
  m_DynamicOccludee: 1
  m_MotionVectors: 1
  m_LightProbeUsage: 1
  m_ReflectionProbeUsage: 1
  m_RenderingLayerMask: 1
  m_RendererPriority: 0
  m_Materials:
  - {fileID: 10302, guid: 0000000000000000f000000000000000, type: 0}
  m_StaticBatchInfo:
    firstSubMesh: 0
    subMeshCount: 0
  m_StaticBatchRoot: {fileID: 0}
  m_ProbeAnchor: {fileID: 0}
  m_LightProbeVolumeOverride: {fileID: 0}
  m_ScaleInLightmap: 1
  m_PreserveUVs: 0
  m_IgnoreNormalsForChartDetection: 0
  m_ImportantGI: 0
  m_StitchLightmapSeams: 0
  m_SelectedEditorRenderState: 3
  m_MinimumChartSize: 4
  m_AutoUVMaxDistance: 0.5
  m_AutoUVMaxAngle: 89
  m_LightmapParameters: {fileID: 0}
  m_SortingLayerID: 0
  m_SortingLayer: 0
  m_SortingOrder: 0
--- !u!1 &1288207048
GameObject:
  m_ObjectHideFlags: 0
  m_CorrespondingSourceObject: {fileID: 0}
  m_PrefabInstance: {fileID: 0}
  m_PrefabAsset: {fileID: 0}
  serializedVersion: 6
  m_Component:
  - component: {fileID: 1288207050}
  - component: {fileID: 1288207049}
  m_Layer: 0
  m_Name: Directional Light
  m_TagString: Untagged
  m_Icon: {fileID: 0}
  m_NavMeshLayer: 0
  m_StaticEditorFlags: 0
  m_IsActive: 1
--- !u!108 &1288207049
Light:
  m_ObjectHideFlags: 0
  m_CorrespondingSourceObject: {fileID: 0}
  m_PrefabInstance: {fileID: 0}
  m_PrefabAsset: {fileID: 0}
  m_GameObject: {fileID: 1288207048}
  m_Enabled: 1
  serializedVersion: 9
  m_Type: 1
  m_Color: {r: 1, g: 0.95686275, b: 0.8392157, a: 1}
  m_Intensity: 1
  m_Range: 10
  m_SpotAngle: 30
  m_InnerSpotAngle: 21.80208
  m_CookieSize: 10
  m_Shadows:
    m_Type: 2
    m_Resolution: -1
    m_CustomResolution: -1
    m_Strength: 1
    m_Bias: 0.05
    m_NormalBias: 0.4
    m_NearPlane: 0.2
    m_CullingMatrixOverride:
      e00: 1
      e01: 0
      e02: 0
      e03: 0
      e10: 0
      e11: 1
      e12: 0
      e13: 0
      e20: 0
      e21: 0
      e22: 1
      e23: 0
      e30: 0
      e31: 0
      e32: 0
      e33: 1
    m_UseCullingMatrixOverride: 0
  m_Cookie: {fileID: 0}
  m_DrawHalo: 0
  m_Flare: {fileID: 0}
  m_RenderMode: 0
  m_CullingMask:
    serializedVersion: 2
    m_Bits: 4294967295
  m_RenderingLayerMask: 1
  m_Lightmapping: 4
  m_LightShadowCasterMode: 0
  m_AreaSize: {x: 1, y: 1}
  m_BounceIntensity: 1
  m_ColorTemperature: 6570
  m_UseColorTemperature: 0
  m_BoundingSphereOverride: {x: 0, y: 0, z: 0, w: 0}
  m_UseBoundingSphereOverride: 0
  m_ShadowRadius: 0
  m_ShadowAngle: 0
--- !u!4 &1288207050
Transform:
  m_ObjectHideFlags: 0
  m_CorrespondingSourceObject: {fileID: 0}
  m_PrefabInstance: {fileID: 0}
  m_PrefabAsset: {fileID: 0}
  m_GameObject: {fileID: 1288207048}
  m_LocalRotation: {x: 0.40821788, y: -0.23456968, z: 0.10938163, w: 0.8754261}
  m_LocalPosition: {x: 0, y: 3, z: 0}
  m_LocalScale: {x: 1, y: 1, z: 1}
  m_Children: []
  m_Father: {fileID: 0}
  m_RootOrder: 0
  m_LocalEulerAnglesHint: {x: 50, y: -30, z: 0}
--- !u!1001 &1367248155
PrefabInstance:
  m_ObjectHideFlags: 0
  serializedVersion: 2
  m_Modification:
    m_TransformParent: {fileID: 0}
    m_Modifications:
    - target: {fileID: 170560, guid: cc5de5e674870ca479a40105f80555ad, type: 3}
      propertyPath: m_Name
      value: key_gold
      objectReference: {fileID: 0}
    - target: {fileID: 462124, guid: cc5de5e674870ca479a40105f80555ad, type: 3}
      propertyPath: m_LocalPosition.x
      value: 250
      objectReference: {fileID: 0}
    - target: {fileID: 462124, guid: cc5de5e674870ca479a40105f80555ad, type: 3}
      propertyPath: m_LocalPosition.y
      value: 0.5
      objectReference: {fileID: 0}
    - target: {fileID: 462124, guid: cc5de5e674870ca479a40105f80555ad, type: 3}
      propertyPath: m_LocalPosition.z
      value: 254
      objectReference: {fileID: 0}
    - target: {fileID: 462124, guid: cc5de5e674870ca479a40105f80555ad, type: 3}
      propertyPath: m_LocalRotation.x
      value: 0
      objectReference: {fileID: 0}
    - target: {fileID: 462124, guid: cc5de5e674870ca479a40105f80555ad, type: 3}
      propertyPath: m_LocalRotation.y
      value: 0
      objectReference: {fileID: 0}
    - target: {fileID: 462124, guid: cc5de5e674870ca479a40105f80555ad, type: 3}
      propertyPath: m_LocalRotation.z
      value: 0
      objectReference: {fileID: 0}
    - target: {fileID: 462124, guid: cc5de5e674870ca479a40105f80555ad, type: 3}
      propertyPath: m_LocalRotation.w
      value: 1
      objectReference: {fileID: 0}
    - target: {fileID: 462124, guid: cc5de5e674870ca479a40105f80555ad, type: 3}
      propertyPath: m_RootOrder
      value: 14
      objectReference: {fileID: 0}
    - target: {fileID: 462124, guid: cc5de5e674870ca479a40105f80555ad, type: 3}
      propertyPath: m_LocalEulerAnglesHint.x
      value: 0
      objectReference: {fileID: 0}
    - target: {fileID: 462124, guid: cc5de5e674870ca479a40105f80555ad, type: 3}
      propertyPath: m_LocalEulerAnglesHint.y
      value: 0
      objectReference: {fileID: 0}
    - target: {fileID: 462124, guid: cc5de5e674870ca479a40105f80555ad, type: 3}
      propertyPath: m_LocalEulerAnglesHint.z
      value: 0
      objectReference: {fileID: 0}
    m_RemovedComponents: []
  m_SourcePrefab: {fileID: 100100000, guid: cc5de5e674870ca479a40105f80555ad, type: 3}
--- !u!1001 &1463878535
PrefabInstance:
  m_ObjectHideFlags: 0
  serializedVersion: 2
  m_Modification:
    m_TransformParent: {fileID: 0}
    m_Modifications:
    - target: {fileID: 4712987620088938095, guid: 8d3760fa6a8245a41b0bf189e7a004bc,
        type: 3}
      propertyPath: m_Name
      value: Potions4 Variant (2)
      objectReference: {fileID: 0}
    - target: {fileID: 4712987620088570447, guid: 8d3760fa6a8245a41b0bf189e7a004bc,
        type: 3}
      propertyPath: m_LocalPosition.x
      value: 246.34
      objectReference: {fileID: 0}
    - target: {fileID: 4712987620088570447, guid: 8d3760fa6a8245a41b0bf189e7a004bc,
        type: 3}
      propertyPath: m_LocalPosition.y
      value: 1.85
      objectReference: {fileID: 0}
    - target: {fileID: 4712987620088570447, guid: 8d3760fa6a8245a41b0bf189e7a004bc,
        type: 3}
      propertyPath: m_LocalPosition.z
      value: 253.01
      objectReference: {fileID: 0}
    - target: {fileID: 4712987620088570447, guid: 8d3760fa6a8245a41b0bf189e7a004bc,
        type: 3}
      propertyPath: m_LocalRotation.x
      value: -0.7012178
      objectReference: {fileID: 0}
    - target: {fileID: 4712987620088570447, guid: 8d3760fa6a8245a41b0bf189e7a004bc,
        type: 3}
      propertyPath: m_LocalRotation.y
      value: -0.091070205
      objectReference: {fileID: 0}
    - target: {fileID: 4712987620088570447, guid: 8d3760fa6a8245a41b0bf189e7a004bc,
        type: 3}
      propertyPath: m_LocalRotation.z
      value: 0.091070205
      objectReference: {fileID: 0}
    - target: {fileID: 4712987620088570447, guid: 8d3760fa6a8245a41b0bf189e7a004bc,
        type: 3}
      propertyPath: m_LocalRotation.w
      value: 0.70121765
      objectReference: {fileID: 0}
    - target: {fileID: 4712987620088570447, guid: 8d3760fa6a8245a41b0bf189e7a004bc,
        type: 3}
      propertyPath: m_RootOrder
      value: 1
      objectReference: {fileID: 0}
    - target: {fileID: 4712987620088570447, guid: 8d3760fa6a8245a41b0bf189e7a004bc,
        type: 3}
      propertyPath: m_LocalEulerAnglesHint.x
      value: -75.200005
      objectReference: {fileID: 0}
    - target: {fileID: 4712987620088570447, guid: 8d3760fa6a8245a41b0bf189e7a004bc,
        type: 3}
      propertyPath: m_LocalEulerAnglesHint.y
      value: -90.00001
      objectReference: {fileID: 0}
    - target: {fileID: 4712987620088570447, guid: 8d3760fa6a8245a41b0bf189e7a004bc,
        type: 3}
      propertyPath: m_LocalEulerAnglesHint.z
      value: 90.00001
      objectReference: {fileID: 0}
    m_RemovedComponents: []
  m_SourcePrefab: {fileID: 100100000, guid: 8d3760fa6a8245a41b0bf189e7a004bc, type: 3}
--- !u!1 &1556306121
GameObject:
  m_ObjectHideFlags: 0
  m_CorrespondingSourceObject: {fileID: 0}
  m_PrefabInstance: {fileID: 0}
  m_PrefabAsset: {fileID: 0}
  serializedVersion: 6
  m_Component:
  - component: {fileID: 1556306123}
  - component: {fileID: 1556306122}
  m_Layer: 0
  m_Name: cameraFollower
  m_TagString: Untagged
  m_Icon: {fileID: 0}
  m_NavMeshLayer: 0
  m_StaticEditorFlags: 0
  m_IsActive: 1
--- !u!114 &1556306122
MonoBehaviour:
  m_ObjectHideFlags: 0
  m_CorrespondingSourceObject: {fileID: 0}
  m_PrefabInstance: {fileID: 0}
  m_PrefabAsset: {fileID: 0}
  m_GameObject: {fileID: 1556306121}
  m_Enabled: 1
  m_EditorHideFlags: 0
  m_Script: {fileID: 11500000, guid: beacbcd726d9ba94d8b08d69c27cc4d9, type: 3}
  m_Name: 
  m_EditorClassIdentifier: 
  referenceCharacter: {fileID: 978949171}
--- !u!4 &1556306123
Transform:
  m_ObjectHideFlags: 0
  m_CorrespondingSourceObject: {fileID: 0}
  m_PrefabInstance: {fileID: 0}
  m_PrefabAsset: {fileID: 0}
  m_GameObject: {fileID: 1556306121}
  m_LocalRotation: {x: 0, y: 0, z: 0, w: 1}
  m_LocalPosition: {x: 250, y: 0.79926527, z: 250}
  m_LocalScale: {x: 1, y: 1, z: 1}
  m_Children: []
  m_Father: {fileID: 0}
  m_RootOrder: 8
  m_LocalEulerAnglesHint: {x: 0, y: 0, z: 0}
--- !u!1001 &1612762601
PrefabInstance:
  m_ObjectHideFlags: 0
  serializedVersion: 2
  m_Modification:
    m_TransformParent: {fileID: 0}
    m_Modifications:
    - target: {fileID: 4712987620088938095, guid: 8d3760fa6a8245a41b0bf189e7a004bc,
        type: 3}
      propertyPath: m_Name
      value: Potions4 Variant
      objectReference: {fileID: 0}
    - target: {fileID: 4712987620088570447, guid: 8d3760fa6a8245a41b0bf189e7a004bc,
        type: 3}
      propertyPath: m_LocalPosition.x
      value: 250.03523
      objectReference: {fileID: 0}
    - target: {fileID: 4712987620088570447, guid: 8d3760fa6a8245a41b0bf189e7a004bc,
        type: 3}
      propertyPath: m_LocalPosition.y
      value: 0.68292236
      objectReference: {fileID: 0}
    - target: {fileID: 4712987620088570447, guid: 8d3760fa6a8245a41b0bf189e7a004bc,
        type: 3}
      propertyPath: m_LocalPosition.z
      value: 253
      objectReference: {fileID: 0}
    - target: {fileID: 4712987620088570447, guid: 8d3760fa6a8245a41b0bf189e7a004bc,
        type: 3}
      propertyPath: m_LocalRotation.x
      value: -0.7012178
      objectReference: {fileID: 0}
    - target: {fileID: 4712987620088570447, guid: 8d3760fa6a8245a41b0bf189e7a004bc,
        type: 3}
      propertyPath: m_LocalRotation.y
      value: -0.091070205
      objectReference: {fileID: 0}
    - target: {fileID: 4712987620088570447, guid: 8d3760fa6a8245a41b0bf189e7a004bc,
        type: 3}
      propertyPath: m_LocalRotation.z
      value: 0.091070205
      objectReference: {fileID: 0}
    - target: {fileID: 4712987620088570447, guid: 8d3760fa6a8245a41b0bf189e7a004bc,
        type: 3}
      propertyPath: m_LocalRotation.w
      value: 0.70121765
      objectReference: {fileID: 0}
    - target: {fileID: 4712987620088570447, guid: 8d3760fa6a8245a41b0bf189e7a004bc,
        type: 3}
      propertyPath: m_RootOrder
      value: 18
      objectReference: {fileID: 0}
    - target: {fileID: 4712987620088570447, guid: 8d3760fa6a8245a41b0bf189e7a004bc,
        type: 3}
      propertyPath: m_LocalEulerAnglesHint.x
      value: -75.200005
      objectReference: {fileID: 0}
    - target: {fileID: 4712987620088570447, guid: 8d3760fa6a8245a41b0bf189e7a004bc,
        type: 3}
      propertyPath: m_LocalEulerAnglesHint.y
      value: -90.00001
      objectReference: {fileID: 0}
    - target: {fileID: 4712987620088570447, guid: 8d3760fa6a8245a41b0bf189e7a004bc,
        type: 3}
      propertyPath: m_LocalEulerAnglesHint.z
      value: 90.00001
      objectReference: {fileID: 0}
    m_RemovedComponents: []
  m_SourcePrefab: {fileID: 100100000, guid: 8d3760fa6a8245a41b0bf189e7a004bc, type: 3}
--- !u!4 &1624597433 stripped
Transform:
  m_CorrespondingSourceObject: {fileID: 3944545865984760733, guid: 426986b9ec0aa514d8f34d9700140293,
    type: 3}
  m_PrefabInstance: {fileID: 3944545864379434175}
  m_PrefabAsset: {fileID: 0}
--- !u!1 &1732139224
GameObject:
  m_ObjectHideFlags: 0
  m_CorrespondingSourceObject: {fileID: 0}
  m_PrefabInstance: {fileID: 0}
  m_PrefabAsset: {fileID: 0}
  serializedVersion: 6
  m_Component:
  - component: {fileID: 1732139225}
  - component: {fileID: 1732139228}
  - component: {fileID: 1732139227}
  - component: {fileID: 1732139226}
  m_Layer: 0
  m_Name: BarraSaludVerde
  m_TagString: Untagged
  m_Icon: {fileID: 0}
  m_NavMeshLayer: 0
  m_StaticEditorFlags: 0
  m_IsActive: 1
--- !u!4 &1732139225
Transform:
  m_ObjectHideFlags: 0
  m_CorrespondingSourceObject: {fileID: 0}
  m_PrefabInstance: {fileID: 0}
  m_PrefabAsset: {fileID: 0}
  m_GameObject: {fileID: 1732139224}
  m_LocalRotation: {x: 0.7071068, y: -0, z: -0, w: -0.7071068}
  m_LocalPosition: {x: 0, y: 0, z: -0.006591797}
  m_LocalScale: {x: 0.025977196, y: 0.02596942, z: 0.0015384805}
  m_Children: []
  m_Father: {fileID: 478150505}
  m_RootOrder: 0
  m_LocalEulerAnglesHint: {x: 270, y: 0, z: 0}
--- !u!114 &1732139226
MonoBehaviour:
  m_ObjectHideFlags: 0
  m_CorrespondingSourceObject: {fileID: 0}
  m_PrefabInstance: {fileID: 0}
  m_PrefabAsset: {fileID: 0}
  m_GameObject: {fileID: 1732139224}
  m_Enabled: 0
  m_EditorHideFlags: 0
  m_Script: {fileID: 11500000, guid: a1a535fdc41c47e418cb263ddc446684, type: 3}
  m_Name: 
  m_EditorClassIdentifier: 
  initialGreenLength: 1
  greenBar: {fileID: 1732139224}
  curHealth: 0
  maxHealth: 0
  lastHealth: 0
  timer: 0
--- !u!23 &1732139227
MeshRenderer:
  m_ObjectHideFlags: 0
  m_CorrespondingSourceObject: {fileID: 0}
  m_PrefabInstance: {fileID: 0}
  m_PrefabAsset: {fileID: 0}
  m_GameObject: {fileID: 1732139224}
  m_Enabled: 1
  m_CastShadows: 1
  m_ReceiveShadows: 1
  m_DynamicOccludee: 1
  m_MotionVectors: 1
  m_LightProbeUsage: 1
  m_ReflectionProbeUsage: 1
  m_RenderingLayerMask: 1
  m_RendererPriority: 0
  m_Materials:
  - {fileID: 2100000, guid: 02a2d488152fd39428b7a2f0768210d2, type: 2}
  m_StaticBatchInfo:
    firstSubMesh: 0
    subMeshCount: 0
  m_StaticBatchRoot: {fileID: 0}
  m_ProbeAnchor: {fileID: 0}
  m_LightProbeVolumeOverride: {fileID: 0}
  m_ScaleInLightmap: 1
  m_PreserveUVs: 0
  m_IgnoreNormalsForChartDetection: 0
  m_ImportantGI: 0
  m_StitchLightmapSeams: 1
  m_SelectedEditorRenderState: 3
  m_MinimumChartSize: 4
  m_AutoUVMaxDistance: 0.5
  m_AutoUVMaxAngle: 89
  m_LightmapParameters: {fileID: 0}
  m_SortingLayerID: 0
  m_SortingLayer: 0
  m_SortingOrder: 0
--- !u!33 &1732139228
MeshFilter:
  m_ObjectHideFlags: 0
  m_CorrespondingSourceObject: {fileID: 0}
  m_PrefabInstance: {fileID: 0}
  m_PrefabAsset: {fileID: 0}
  m_GameObject: {fileID: 1732139224}
  m_Mesh: {fileID: 10209, guid: 0000000000000000e000000000000000, type: 0}
--- !u!1001 &1879893374
PrefabInstance:
  m_ObjectHideFlags: 0
  serializedVersion: 2
  m_Modification:
    m_TransformParent: {fileID: 0}
    m_Modifications:
    - target: {fileID: 6748163264671928122, guid: 745a7ab73a108a94b8ec621e133d9b6b,
        type: 3}
      propertyPath: m_Name
      value: EnemigoIABase (1)
      objectReference: {fileID: 0}
    - target: {fileID: 6748163264671928121, guid: 745a7ab73a108a94b8ec621e133d9b6b,
        type: 3}
      propertyPath: m_LocalPosition.x
      value: 271.29
      objectReference: {fileID: 0}
    - target: {fileID: 6748163264671928121, guid: 745a7ab73a108a94b8ec621e133d9b6b,
        type: 3}
      propertyPath: m_LocalPosition.y
      value: 0
      objectReference: {fileID: 0}
    - target: {fileID: 6748163264671928121, guid: 745a7ab73a108a94b8ec621e133d9b6b,
        type: 3}
      propertyPath: m_LocalPosition.z
      value: 260
      objectReference: {fileID: 0}
    - target: {fileID: 6748163264671928121, guid: 745a7ab73a108a94b8ec621e133d9b6b,
        type: 3}
      propertyPath: m_LocalRotation.x
      value: 0
      objectReference: {fileID: 0}
    - target: {fileID: 6748163264671928121, guid: 745a7ab73a108a94b8ec621e133d9b6b,
        type: 3}
      propertyPath: m_LocalRotation.y
      value: 0
      objectReference: {fileID: 0}
    - target: {fileID: 6748163264671928121, guid: 745a7ab73a108a94b8ec621e133d9b6b,
        type: 3}
      propertyPath: m_LocalRotation.z
      value: 0
      objectReference: {fileID: 0}
    - target: {fileID: 6748163264671928121, guid: 745a7ab73a108a94b8ec621e133d9b6b,
        type: 3}
      propertyPath: m_LocalRotation.w
      value: 1
      objectReference: {fileID: 0}
    - target: {fileID: 6748163264671928121, guid: 745a7ab73a108a94b8ec621e133d9b6b,
        type: 3}
      propertyPath: m_RootOrder
      value: 7
      objectReference: {fileID: 0}
    - target: {fileID: 6748163264671928121, guid: 745a7ab73a108a94b8ec621e133d9b6b,
        type: 3}
      propertyPath: m_LocalEulerAnglesHint.x
      value: 0
      objectReference: {fileID: 0}
    - target: {fileID: 6748163264671928121, guid: 745a7ab73a108a94b8ec621e133d9b6b,
        type: 3}
      propertyPath: m_LocalEulerAnglesHint.y
      value: 0
      objectReference: {fileID: 0}
    - target: {fileID: 6748163264671928121, guid: 745a7ab73a108a94b8ec621e133d9b6b,
        type: 3}
      propertyPath: m_LocalEulerAnglesHint.z
      value: 0
      objectReference: {fileID: 0}
    - target: {fileID: 6748163264199100314, guid: 745a7ab73a108a94b8ec621e133d9b6b,
        type: 3}
      propertyPath: target
      value: 
      objectReference: {fileID: 1624597433}
    m_RemovedComponents: []
  m_SourcePrefab: {fileID: 100100000, guid: 745a7ab73a108a94b8ec621e133d9b6b, type: 3}
--- !u!1 &2115179892
GameObject:
  m_ObjectHideFlags: 0
  m_CorrespondingSourceObject: {fileID: 0}
  m_PrefabInstance: {fileID: 0}
  m_PrefabAsset: {fileID: 0}
  serializedVersion: 6
  m_Component:
  - component: {fileID: 2115179896}
  - component: {fileID: 2115179895}
  - component: {fileID: 2115179894}
  m_Layer: 0
  m_Name: BarraSaludRoja
  m_TagString: Untagged
  m_Icon: {fileID: 0}
  m_NavMeshLayer: 0
  m_StaticEditorFlags: 0
  m_IsActive: 1
--- !u!23 &2115179894
MeshRenderer:
  m_ObjectHideFlags: 0
  m_CorrespondingSourceObject: {fileID: 0}
  m_PrefabInstance: {fileID: 0}
  m_PrefabAsset: {fileID: 0}
  m_GameObject: {fileID: 2115179892}
  m_Enabled: 1
  m_CastShadows: 1
  m_ReceiveShadows: 1
  m_DynamicOccludee: 1
  m_MotionVectors: 1
  m_LightProbeUsage: 1
  m_ReflectionProbeUsage: 1
  m_RenderingLayerMask: 1
  m_RendererPriority: 0
  m_Materials:
  - {fileID: 2100000, guid: ce38bea0e3e8fb64798c85c10021245a, type: 2}
  m_StaticBatchInfo:
    firstSubMesh: 0
    subMeshCount: 0
  m_StaticBatchRoot: {fileID: 0}
  m_ProbeAnchor: {fileID: 0}
  m_LightProbeVolumeOverride: {fileID: 0}
  m_ScaleInLightmap: 1
  m_PreserveUVs: 0
  m_IgnoreNormalsForChartDetection: 0
  m_ImportantGI: 0
  m_StitchLightmapSeams: 1
  m_SelectedEditorRenderState: 3
  m_MinimumChartSize: 4
  m_AutoUVMaxDistance: 0.5
  m_AutoUVMaxAngle: 89
  m_LightmapParameters: {fileID: 0}
  m_SortingLayerID: 0
  m_SortingLayer: 0
  m_SortingOrder: 0
--- !u!33 &2115179895
MeshFilter:
  m_ObjectHideFlags: 0
  m_CorrespondingSourceObject: {fileID: 0}
  m_PrefabInstance: {fileID: 0}
  m_PrefabAsset: {fileID: 0}
  m_GameObject: {fileID: 2115179892}
  m_Mesh: {fileID: 10209, guid: 0000000000000000e000000000000000, type: 0}
--- !u!4 &2115179896
Transform:
  m_ObjectHideFlags: 0
  m_CorrespondingSourceObject: {fileID: 0}
  m_PrefabInstance: {fileID: 0}
  m_PrefabAsset: {fileID: 0}
  m_GameObject: {fileID: 2115179892}
  m_LocalRotation: {x: 0.7071068, y: -0, z: -0, w: -0.7071068}
  m_LocalPosition: {x: 0, y: 0, z: 0}
  m_LocalScale: {x: 0.025969405, y: 0.02596942, z: 0.0015384805}
  m_Children: []
  m_Father: {fileID: 478150505}
  m_RootOrder: 1
  m_LocalEulerAnglesHint: {x: 270, y: 0, z: 0}
--- !u!1001 &1335109076301283840
PrefabInstance:
  m_ObjectHideFlags: 0
  serializedVersion: 2
  m_Modification:
    m_TransformParent: {fileID: 0}
    m_Modifications:
    - target: {fileID: 1335109076648372267, guid: 5c8ca7e67f6e0d04b85c17b60cbe3102,
        type: 3}
      propertyPath: m_Name
      value: EnemigoIAFinal
      objectReference: {fileID: 0}
    - target: {fileID: 1335109076648372268, guid: 5c8ca7e67f6e0d04b85c17b60cbe3102,
        type: 3}
      propertyPath: m_LocalPosition.x
      value: 254
      objectReference: {fileID: 0}
    - target: {fileID: 1335109076648372268, guid: 5c8ca7e67f6e0d04b85c17b60cbe3102,
        type: 3}
      propertyPath: m_LocalPosition.y
      value: 0
      objectReference: {fileID: 0}
    - target: {fileID: 1335109076648372268, guid: 5c8ca7e67f6e0d04b85c17b60cbe3102,
        type: 3}
      propertyPath: m_LocalPosition.z
      value: 260
      objectReference: {fileID: 0}
    - target: {fileID: 1335109076648372268, guid: 5c8ca7e67f6e0d04b85c17b60cbe3102,
        type: 3}
      propertyPath: m_LocalRotation.x
      value: 0
      objectReference: {fileID: 0}
    - target: {fileID: 1335109076648372268, guid: 5c8ca7e67f6e0d04b85c17b60cbe3102,
        type: 3}
      propertyPath: m_LocalRotation.y
      value: 0
      objectReference: {fileID: 0}
    - target: {fileID: 1335109076648372268, guid: 5c8ca7e67f6e0d04b85c17b60cbe3102,
        type: 3}
      propertyPath: m_LocalRotation.z
      value: 0
      objectReference: {fileID: 0}
    - target: {fileID: 1335109076648372268, guid: 5c8ca7e67f6e0d04b85c17b60cbe3102,
        type: 3}
      propertyPath: m_LocalRotation.w
      value: 1
      objectReference: {fileID: 0}
    - target: {fileID: 1335109076648372268, guid: 5c8ca7e67f6e0d04b85c17b60cbe3102,
        type: 3}
      propertyPath: m_RootOrder
      value: 13
      objectReference: {fileID: 0}
    - target: {fileID: 1335109076648372268, guid: 5c8ca7e67f6e0d04b85c17b60cbe3102,
        type: 3}
      propertyPath: m_LocalEulerAnglesHint.x
      value: 0
      objectReference: {fileID: 0}
    - target: {fileID: 1335109076648372268, guid: 5c8ca7e67f6e0d04b85c17b60cbe3102,
        type: 3}
      propertyPath: m_LocalEulerAnglesHint.y
      value: 0
      objectReference: {fileID: 0}
    - target: {fileID: 1335109076648372268, guid: 5c8ca7e67f6e0d04b85c17b60cbe3102,
        type: 3}
      propertyPath: m_LocalEulerAnglesHint.z
      value: 0
      objectReference: {fileID: 0}
    - target: {fileID: 1335109077122392223, guid: 5c8ca7e67f6e0d04b85c17b60cbe3102,
        type: 3}
      propertyPath: target
      value: 
      objectReference: {fileID: 1624597433}
    m_RemovedComponents: []
  m_SourcePrefab: {fileID: 100100000, guid: 5c8ca7e67f6e0d04b85c17b60cbe3102, type: 3}
--- !u!1001 &3944545864379434175
PrefabInstance:
  m_ObjectHideFlags: 0
  serializedVersion: 2
  m_Modification:
    m_TransformParent: {fileID: 0}
    m_Modifications:
    - target: {fileID: 3944545866216781845, guid: 426986b9ec0aa514d8f34d9700140293,
        type: 3}
      propertyPath: m_Name
      value: PersonajeLezo
      objectReference: {fileID: 0}
    - target: {fileID: 3944545866216781844, guid: 426986b9ec0aa514d8f34d9700140293,
        type: 3}
      propertyPath: m_LocalPosition.x
      value: 250.01
      objectReference: {fileID: 0}
    - target: {fileID: 3944545866216781844, guid: 426986b9ec0aa514d8f34d9700140293,
        type: 3}
      propertyPath: m_LocalPosition.y
      value: 0.31225
      objectReference: {fileID: 0}
    - target: {fileID: 3944545866216781844, guid: 426986b9ec0aa514d8f34d9700140293,
        type: 3}
      propertyPath: m_LocalPosition.z
      value: 250.04
      objectReference: {fileID: 0}
    - target: {fileID: 3944545866216781844, guid: 426986b9ec0aa514d8f34d9700140293,
        type: 3}
      propertyPath: m_LocalRotation.x
      value: 0
      objectReference: {fileID: 0}
    - target: {fileID: 3944545866216781844, guid: 426986b9ec0aa514d8f34d9700140293,
        type: 3}
      propertyPath: m_LocalRotation.y
      value: 0
      objectReference: {fileID: 0}
    - target: {fileID: 3944545866216781844, guid: 426986b9ec0aa514d8f34d9700140293,
        type: 3}
      propertyPath: m_LocalRotation.z
      value: 0
      objectReference: {fileID: 0}
    - target: {fileID: 3944545866216781844, guid: 426986b9ec0aa514d8f34d9700140293,
        type: 3}
      propertyPath: m_LocalRotation.w
      value: 1
      objectReference: {fileID: 0}
    - target: {fileID: 3944545866216781844, guid: 426986b9ec0aa514d8f34d9700140293,
        type: 3}
      propertyPath: m_RootOrder
      value: 12
      objectReference: {fileID: 0}
    - target: {fileID: 3944545866216781844, guid: 426986b9ec0aa514d8f34d9700140293,
        type: 3}
      propertyPath: m_LocalEulerAnglesHint.x
      value: 0
      objectReference: {fileID: 0}
    - target: {fileID: 3944545866216781844, guid: 426986b9ec0aa514d8f34d9700140293,
        type: 3}
      propertyPath: m_LocalEulerAnglesHint.y
      value: 0
      objectReference: {fileID: 0}
    - target: {fileID: 3944545866216781844, guid: 426986b9ec0aa514d8f34d9700140293,
        type: 3}
      propertyPath: m_LocalEulerAnglesHint.z
      value: 0
      objectReference: {fileID: 0}
    m_RemovedComponents: []
  m_SourcePrefab: {fileID: 100100000, guid: 426986b9ec0aa514d8f34d9700140293, type: 3}
--- !u!1001 &3997779302791239356
PrefabInstance:
  m_ObjectHideFlags: 0
  serializedVersion: 2
  m_Modification:
    m_TransformParent: {fileID: 0}
    m_Modifications:
    - target: {fileID: 3997779302681590561, guid: f0b043716299e504aa5f19323b24e403,
        type: 3}
      propertyPath: m_Name
      value: EnemigoIABase
      objectReference: {fileID: 0}
    - target: {fileID: 3997779302681590562, guid: f0b043716299e504aa5f19323b24e403,
        type: 3}
      propertyPath: m_LocalPosition.x
      value: 262.91
      objectReference: {fileID: 0}
    - target: {fileID: 3997779302681590562, guid: f0b043716299e504aa5f19323b24e403,
        type: 3}
      propertyPath: m_LocalPosition.y
      value: 0
      objectReference: {fileID: 0}
    - target: {fileID: 3997779302681590562, guid: f0b043716299e504aa5f19323b24e403,
        type: 3}
      propertyPath: m_LocalPosition.z
      value: 260
      objectReference: {fileID: 0}
    - target: {fileID: 3997779302681590562, guid: f0b043716299e504aa5f19323b24e403,
        type: 3}
      propertyPath: m_LocalRotation.x
      value: 0
      objectReference: {fileID: 0}
    - target: {fileID: 3997779302681590562, guid: f0b043716299e504aa5f19323b24e403,
        type: 3}
      propertyPath: m_LocalRotation.y
      value: 0
      objectReference: {fileID: 0}
    - target: {fileID: 3997779302681590562, guid: f0b043716299e504aa5f19323b24e403,
        type: 3}
      propertyPath: m_LocalRotation.z
      value: 0
      objectReference: {fileID: 0}
    - target: {fileID: 3997779302681590562, guid: f0b043716299e504aa5f19323b24e403,
        type: 3}
      propertyPath: m_LocalRotation.w
      value: 1
      objectReference: {fileID: 0}
    - target: {fileID: 3997779302681590562, guid: f0b043716299e504aa5f19323b24e403,
        type: 3}
      propertyPath: m_RootOrder
      value: 6
      objectReference: {fileID: 0}
    - target: {fileID: 3997779302681590562, guid: f0b043716299e504aa5f19323b24e403,
        type: 3}
      propertyPath: m_LocalEulerAnglesHint.x
      value: 0
      objectReference: {fileID: 0}
    - target: {fileID: 3997779302681590562, guid: f0b043716299e504aa5f19323b24e403,
        type: 3}
      propertyPath: m_LocalEulerAnglesHint.y
      value: 0
      objectReference: {fileID: 0}
    - target: {fileID: 3997779302681590562, guid: f0b043716299e504aa5f19323b24e403,
        type: 3}
      propertyPath: m_LocalEulerAnglesHint.z
      value: 0
      objectReference: {fileID: 0}
    - target: {fileID: 3997779302087095169, guid: f0b043716299e504aa5f19323b24e403,
        type: 3}
      propertyPath: target
      value: 
      objectReference: {fileID: 1624597433}
    m_RemovedComponents: []
  m_SourcePrefab: {fileID: 100100000, guid: f0b043716299e504aa5f19323b24e403, type: 3}
--- !u!1001 &6536487035068565414
PrefabInstance:
  m_ObjectHideFlags: 0
  serializedVersion: 2
  m_Modification:
    m_TransformParent: {fileID: 0}
    m_Modifications:
    - target: {fileID: 6536487034733883562, guid: 6735be1d956db9d4b88d1abebcb18fc7,
        type: 3}
      propertyPath: m_Name
      value: PersonajePrincipal
      objectReference: {fileID: 0}
    - target: {fileID: 6536487034733883562, guid: 6735be1d956db9d4b88d1abebcb18fc7,
        type: 3}
      propertyPath: m_IsActive
      value: 0
      objectReference: {fileID: 0}
    - target: {fileID: 6536487036682112362, guid: 6735be1d956db9d4b88d1abebcb18fc7,
        type: 3}
      propertyPath: m_IsActive
      value: 1
      objectReference: {fileID: 0}
    - target: {fileID: 6536487034733883563, guid: 6735be1d956db9d4b88d1abebcb18fc7,
        type: 3}
      propertyPath: m_LocalPosition.x
      value: 250
      objectReference: {fileID: 0}
    - target: {fileID: 6536487034733883563, guid: 6735be1d956db9d4b88d1abebcb18fc7,
        type: 3}
      propertyPath: m_LocalPosition.y
      value: 0
      objectReference: {fileID: 0}
    - target: {fileID: 6536487034733883563, guid: 6735be1d956db9d4b88d1abebcb18fc7,
        type: 3}
      propertyPath: m_LocalPosition.z
      value: 250
      objectReference: {fileID: 0}
    - target: {fileID: 6536487034733883563, guid: 6735be1d956db9d4b88d1abebcb18fc7,
        type: 3}
      propertyPath: m_LocalRotation.x
      value: 0
      objectReference: {fileID: 0}
    - target: {fileID: 6536487034733883563, guid: 6735be1d956db9d4b88d1abebcb18fc7,
        type: 3}
      propertyPath: m_LocalRotation.y
      value: 0
      objectReference: {fileID: 0}
    - target: {fileID: 6536487034733883563, guid: 6735be1d956db9d4b88d1abebcb18fc7,
        type: 3}
      propertyPath: m_LocalRotation.z
      value: 0
      objectReference: {fileID: 0}
    - target: {fileID: 6536487034733883563, guid: 6735be1d956db9d4b88d1abebcb18fc7,
        type: 3}
      propertyPath: m_LocalRotation.w
      value: 1
      objectReference: {fileID: 0}
    - target: {fileID: 6536487034733883563, guid: 6735be1d956db9d4b88d1abebcb18fc7,
        type: 3}
      propertyPath: m_RootOrder
      value: 4
      objectReference: {fileID: 0}
    - target: {fileID: 6536487034733883563, guid: 6735be1d956db9d4b88d1abebcb18fc7,
        type: 3}
      propertyPath: m_LocalEulerAnglesHint.x
      value: 0
      objectReference: {fileID: 0}
    - target: {fileID: 6536487034733883563, guid: 6735be1d956db9d4b88d1abebcb18fc7,
        type: 3}
      propertyPath: m_LocalEulerAnglesHint.y
      value: 0
      objectReference: {fileID: 0}
    - target: {fileID: 6536487034733883563, guid: 6735be1d956db9d4b88d1abebcb18fc7,
        type: 3}
      propertyPath: m_LocalEulerAnglesHint.z
      value: 0
      objectReference: {fileID: 0}
    - target: {fileID: 6536352342205289558, guid: 6735be1d956db9d4b88d1abebcb18fc7,
        type: 3}
      propertyPath: m_IsActive
      value: 1
      objectReference: {fileID: 0}
    m_RemovedComponents: []
  m_SourcePrefab: {fileID: 100100000, guid: 6735be1d956db9d4b88d1abebcb18fc7, type: 3}
