%YAML 1.1
%TAG !u! tag:unity3d.com,2011:
--- !u!111 &795720280811977463
Animation:
  m_ObjectHideFlags: 0
  m_CorrespondingSourceObject: {fileID: 0}
  m_PrefabInstance: {fileID: 0}
  m_PrefabAsset: {fileID: 0}
  m_GameObject: {fileID: 795301912127961352}
  m_Enabled: 1
  serializedVersion: 3
  m_Animation: {fileID: 0}
  m_Animations:
  - {fileID: 7400002, guid: 3543d4e458ae62a4b977d855b7db9dee, type: 3}
  m_WrapMode: 0
  m_PlayAutomatically: 1
  m_AnimatePhysics: 0
  m_CullingType: 0
--- !u!114 &795720280811977461
MonoBehaviour:
  m_ObjectHideFlags: 0
  m_CorrespondingSourceObject: {fileID: 0}
  m_PrefabInstance: {fileID: 0}
  m_PrefabAsset: {fileID: 0}
  m_GameObject: {fileID: 795301912127961352}
  m_Enabled: 1
  m_EditorHideFlags: 0
  m_Script: {fileID: 11500000, guid: ca05c3c03c07add4a85b0f2b638182f4, type: 3}
  m_Name: 
  m_EditorClassIdentifier: 
  cameras:
  - {fileID: 795720281236223703}
  - {fileID: 795720282087854343}
--- !u!1 &795720281236223703
GameObject:
  m_ObjectHideFlags: 0
  m_CorrespondingSourceObject: {fileID: 0}
  m_PrefabInstance: {fileID: 0}
  m_PrefabAsset: {fileID: 0}
  serializedVersion: 6
  m_Component:
  - component: {fileID: 795720281236223690}
  - component: {fileID: 795720281236223689}
  - component: {fileID: 795720281236223688}
  m_Layer: 0
  m_Name: Main Camera
  m_TagString: MainCamera
  m_Icon: {fileID: 0}
  m_NavMeshLayer: 0
  m_StaticEditorFlags: 0
  m_IsActive: 1
--- !u!4 &795720281236223690
Transform:
  m_ObjectHideFlags: 0
  m_CorrespondingSourceObject: {fileID: 0}
  m_PrefabInstance: {fileID: 0}
  m_PrefabAsset: {fileID: 0}
  m_GameObject: {fileID: 795720281236223703}
  m_LocalRotation: {x: 0.110449724, y: -0, z: -0, w: 0.9938817}
  m_LocalPosition: {x: 0, y: 1.329, z: -1.699997}
  m_LocalScale: {x: 1, y: 1, z: 1}
  m_Children: []
  m_Father: {fileID: 795720280671868336}
  m_RootOrder: 2
  m_LocalEulerAnglesHint: {x: 12.682, y: 0, z: 0}
--- !u!20 &795720281236223689
Camera:
  m_ObjectHideFlags: 0
  m_CorrespondingSourceObject: {fileID: 0}
  m_PrefabInstance: {fileID: 0}
  m_PrefabAsset: {fileID: 0}
  m_GameObject: {fileID: 795720281236223703}
  m_Enabled: 1
  serializedVersion: 2
  m_ClearFlags: 1
  m_BackGroundColor: {r: 0.19215687, g: 0.3019608, b: 0.4745098, a: 0}
  m_projectionMatrixMode: 1
  m_SensorSize: {x: 36, y: 24}
  m_LensShift: {x: 0, y: 0}
  m_GateFitMode: 2
  m_FocalLength: 50
  m_NormalizedViewPortRect:
    serializedVersion: 2
    x: 0
    y: 0
    width: 1
    height: 1
  near clip plane: 0.3
  far clip plane: 1000
  field of view: 60
  orthographic: 0
  orthographic size: 5
  m_Depth: -1
  m_CullingMask:
    serializedVersion: 2
    m_Bits: 4294967295
  m_RenderingPath: -1
  m_TargetTexture: {fileID: 0}
  m_TargetDisplay: 0
  m_TargetEye: 3
  m_HDR: 1
  m_AllowMSAA: 1
  m_AllowDynamicResolution: 0
  m_ForceIntoRT: 0
  m_OcclusionCulling: 1
  m_StereoConvergence: 10
  m_StereoSeparation: 0.022
--- !u!81 &795720281236223688
AudioListener:
  m_ObjectHideFlags: 0
  m_CorrespondingSourceObject: {fileID: 0}
  m_PrefabInstance: {fileID: 0}
  m_PrefabAsset: {fileID: 0}
  m_GameObject: {fileID: 795720281236223703}
  m_Enabled: 1
--- !u!111 &795720281310101185
Animation:
  m_ObjectHideFlags: 0
  m_CorrespondingSourceObject: {fileID: 0}
  m_PrefabInstance: {fileID: 0}
  m_PrefabAsset: {fileID: 0}
  m_GameObject: {fileID: 795720280671592500}
  m_Enabled: 1
  serializedVersion: 3
  m_Animation: {fileID: 0}
  m_Animations:
  - {fileID: 7400002, guid: 3543d4e458ae62a4b977d855b7db9dee, type: 3}
  m_WrapMode: 0
  m_PlayAutomatically: 1
  m_AnimatePhysics: 0
  m_CullingType: 0
--- !u!111 &795720281480642023
Animation:
  m_ObjectHideFlags: 0
  m_CorrespondingSourceObject: {fileID: 0}
  m_PrefabInstance: {fileID: 0}
  m_PrefabAsset: {fileID: 0}
  m_GameObject: {fileID: 795301912575572468}
  m_Enabled: 1
  serializedVersion: 3
  m_Animation: {fileID: 0}
  m_Animations:
  - {fileID: 7400002, guid: 3543d4e458ae62a4b977d855b7db9dee, type: 3}
  m_WrapMode: 0
  m_PlayAutomatically: 1
  m_AnimatePhysics: 0
  m_CullingType: 0
--- !u!1 &795720281948773876
GameObject:
  m_ObjectHideFlags: 0
  m_CorrespondingSourceObject: {fileID: 0}
  m_PrefabInstance: {fileID: 0}
  m_PrefabAsset: {fileID: 0}
  serializedVersion: 6
  m_Component:
  - component: {fileID: 795720281948773877}
  - component: {fileID: 795720281948773878}
  m_Layer: 0
  m_Name: PersonajePrincipal
  m_TagString: Untagged
  m_Icon: {fileID: 0}
  m_NavMeshLayer: 0
  m_StaticEditorFlags: 0
  m_IsActive: 1
--- !u!4 &795720281948773877
Transform:
  m_ObjectHideFlags: 0
  m_CorrespondingSourceObject: {fileID: 0}
  m_PrefabInstance: {fileID: 0}
  m_PrefabAsset: {fileID: 0}
  m_GameObject: {fileID: 795720281948773876}
  m_LocalRotation: {x: 0, y: 0, z: 0, w: 1}
  m_LocalPosition: {x: 250, y: 0, z: 250}
  m_LocalScale: {x: 1, y: 1, z: 1}
  m_Children:
  - {fileID: 795720280671868336}
  m_Father: {fileID: 0}
  m_RootOrder: 0
  m_LocalEulerAnglesHint: {x: 0, y: 0, z: 0}
--- !u!111 &795720281948773878
Animation:
  m_ObjectHideFlags: 0
  m_CorrespondingSourceObject: {fileID: 0}
  m_PrefabInstance: {fileID: 0}
  m_PrefabAsset: {fileID: 0}
  m_GameObject: {fileID: 795720281948773876}
  m_Enabled: 1
  serializedVersion: 3
  m_Animation: {fileID: 0}
  m_Animations:
  - {fileID: 7400002, guid: 3543d4e458ae62a4b977d855b7db9dee, type: 3}
  m_WrapMode: 0
  m_PlayAutomatically: 1
  m_AnimatePhysics: 0
  m_CullingType: 0
--- !u!1 &795720282087854343
GameObject:
  m_ObjectHideFlags: 0
  m_CorrespondingSourceObject: {fileID: 0}
  m_PrefabInstance: {fileID: 0}
  m_PrefabAsset: {fileID: 0}
  serializedVersion: 6
  m_Component:
  - component: {fileID: 795720282087855864}
  - component: {fileID: 795720282087855866}
  - component: {fileID: 795720282087855865}
  m_Layer: 0
  m_Name: backCamera
  m_TagString: SecondCamera
  m_Icon: {fileID: 0}
  m_NavMeshLayer: 0
  m_StaticEditorFlags: 0
  m_IsActive: 1
--- !u!4 &795720282087855864
Transform:
  m_ObjectHideFlags: 0
  m_CorrespondingSourceObject: {fileID: 0}
  m_PrefabInstance: {fileID: 0}
  m_PrefabAsset: {fileID: 0}
  m_GameObject: {fileID: 795720282087854343}
  m_LocalRotation: {x: -0, y: 0.9938822, z: -0.11044554, w: 0}
  m_LocalPosition: {x: 0, y: 1.329, z: 1.699997}
  m_LocalScale: {x: 1, y: 1, z: 1}
  m_Children: []
  m_Father: {fileID: 795720280671868336}
  m_RootOrder: 1
  m_LocalEulerAnglesHint: {x: 12.682, y: 180, z: 0}
--- !u!20 &795720282087855866
Camera:
  m_ObjectHideFlags: 0
  m_CorrespondingSourceObject: {fileID: 0}
  m_PrefabInstance: {fileID: 0}
  m_PrefabAsset: {fileID: 0}
  m_GameObject: {fileID: 795720282087854343}
  m_Enabled: 1
  serializedVersion: 2
  m_ClearFlags: 1
  m_BackGroundColor: {r: 0.19215687, g: 0.3019608, b: 0.4745098, a: 0}
  m_projectionMatrixMode: 1
  m_SensorSize: {x: 36, y: 24}
  m_LensShift: {x: 0, y: 0}
  m_GateFitMode: 2
  m_FocalLength: 50
  m_NormalizedViewPortRect:
    serializedVersion: 2
    x: 0
    y: 0
    width: 1
    height: 1
  near clip plane: 0.3
  far clip plane: 1000
  field of view: 60
  orthographic: 0
  orthographic size: 5
  m_Depth: 0
  m_CullingMask:
    serializedVersion: 2
    m_Bits: 4294967295
  m_RenderingPath: -1
  m_TargetTexture: {fileID: 0}
  m_TargetDisplay: 0
  m_TargetEye: 3
  m_HDR: 1
  m_AllowMSAA: 1
  m_AllowDynamicResolution: 0
  m_ForceIntoRT: 0
  m_OcclusionCulling: 1
  m_StereoConvergence: 10
  m_StereoSeparation: 0.022
--- !u!81 &795720282087855865
AudioListener:
  m_ObjectHideFlags: 0
  m_CorrespondingSourceObject: {fileID: 0}
  m_PrefabInstance: {fileID: 0}
  m_PrefabAsset: {fileID: 0}
  m_GameObject: {fileID: 795720282087854343}
  m_Enabled: 1
--- !u!1001 &795720280671742250
PrefabInstance:
  m_ObjectHideFlags: 0
  serializedVersion: 2
  m_Modification:
    m_TransformParent: {fileID: 795720281948773877}
    m_Modifications:
    - target: {fileID: 149790, guid: 7737647c22c1fc64a88d5cd030c352ce, type: 3}
      propertyPath: m_Name
      value: ThirdPersonController
      objectReference: {fileID: 0}
    - target: {fileID: 149790, guid: 7737647c22c1fc64a88d5cd030c352ce, type: 3}
      propertyPath: m_TagString
      value: MainPlayer
      objectReference: {fileID: 0}
    - target: {fileID: 408730, guid: 7737647c22c1fc64a88d5cd030c352ce, type: 3}
      propertyPath: m_LocalPosition.x
      value: 0
      objectReference: {fileID: 0}
    - target: {fileID: 408730, guid: 7737647c22c1fc64a88d5cd030c352ce, type: 3}
      propertyPath: m_LocalPosition.y
      value: 0
      objectReference: {fileID: 0}
    - target: {fileID: 408730, guid: 7737647c22c1fc64a88d5cd030c352ce, type: 3}
      propertyPath: m_LocalPosition.z
      value: 0
      objectReference: {fileID: 0}
    - target: {fileID: 408730, guid: 7737647c22c1fc64a88d5cd030c352ce, type: 3}
      propertyPath: m_LocalRotation.x
      value: -0
      objectReference: {fileID: 0}
    - target: {fileID: 408730, guid: 7737647c22c1fc64a88d5cd030c352ce, type: 3}
      propertyPath: m_LocalRotation.y
      value: -0
      objectReference: {fileID: 0}
    - target: {fileID: 408730, guid: 7737647c22c1fc64a88d5cd030c352ce, type: 3}
      propertyPath: m_LocalRotation.z
      value: -0
      objectReference: {fileID: 0}
    - target: {fileID: 408730, guid: 7737647c22c1fc64a88d5cd030c352ce, type: 3}
      propertyPath: m_LocalRotation.w
      value: 1
      objectReference: {fileID: 0}
    - target: {fileID: 408730, guid: 7737647c22c1fc64a88d5cd030c352ce, type: 3}
      propertyPath: m_RootOrder
      value: 0
      objectReference: {fileID: 0}
    - target: {fileID: 408730, guid: 7737647c22c1fc64a88d5cd030c352ce, type: 3}
      propertyPath: m_LocalEulerAnglesHint.x
      value: 0
      objectReference: {fileID: 0}
    - target: {fileID: 408730, guid: 7737647c22c1fc64a88d5cd030c352ce, type: 3}
      propertyPath: m_LocalEulerAnglesHint.y
      value: 0
      objectReference: {fileID: 0}
    - target: {fileID: 408730, guid: 7737647c22c1fc64a88d5cd030c352ce, type: 3}
      propertyPath: m_LocalEulerAnglesHint.z
      value: 0
      objectReference: {fileID: 0}
    - target: {fileID: 9579096, guid: 7737647c22c1fc64a88d5cd030c352ce, type: 3}
      propertyPath: m_WarningMessage
      value: 
      objectReference: {fileID: 0}
    - target: {fileID: 9579096, guid: 7737647c22c1fc64a88d5cd030c352ce, type: 3}
      propertyPath: m_Avatar
      value: 
      objectReference: {fileID: 9000000, guid: 059faed01e08861478255117ef7ea6c8, type: 3}
    - target: {fileID: 11469404, guid: 7737647c22c1fc64a88d5cd030c352ce, type: 3}
      propertyPath: m_MovingTurnSpeed
      value: 240
      objectReference: {fileID: 0}
    - target: {fileID: 11469404, guid: 7737647c22c1fc64a88d5cd030c352ce, type: 3}
      propertyPath: m_StationaryTurnSpeed
      value: 120
      objectReference: {fileID: 0}
    m_RemovedComponents: []
  m_SourcePrefab: {fileID: 100100000, guid: 7737647c22c1fc64a88d5cd030c352ce, type: 3}
--- !u!1 &795720280671592500 stripped
GameObject:
  m_CorrespondingSourceObject: {fileID: 149790, guid: 7737647c22c1fc64a88d5cd030c352ce,
    type: 3}
  m_PrefabInstance: {fileID: 795720280671742250}
  m_PrefabAsset: {fileID: 0}
--- !u!4 &795720280671868336 stripped
Transform:
  m_CorrespondingSourceObject: {fileID: 408730, guid: 7737647c22c1fc64a88d5cd030c352ce,
    type: 3}
  m_PrefabInstance: {fileID: 795720280671742250}
  m_PrefabAsset: {fileID: 0}
--- !u!1001 &795720281083024740
PrefabInstance:
  m_ObjectHideFlags: 0
  serializedVersion: 2
  m_Modification:
    m_TransformParent: {fileID: 795720280671868336}
    m_Modifications:
    - target: {fileID: 1000010910297196, guid: 397161674e8e4bc4cb6ec051278b3d61, type: 3}
      propertyPath: m_Name
      value: BanditPack_A_SKEL
      objectReference: {fileID: 0}
    - target: {fileID: 4000010132593624, guid: 397161674e8e4bc4cb6ec051278b3d61, type: 3}
      propertyPath: m_LocalPosition.x
      value: 0
      objectReference: {fileID: 0}
    - target: {fileID: 4000010132593624, guid: 397161674e8e4bc4cb6ec051278b3d61, type: 3}
      propertyPath: m_LocalPosition.y
      value: 0
      objectReference: {fileID: 0}
    - target: {fileID: 4000010132593624, guid: 397161674e8e4bc4cb6ec051278b3d61, type: 3}
      propertyPath: m_LocalPosition.z
      value: 0
      objectReference: {fileID: 0}
    - target: {fileID: 4000010132593624, guid: 397161674e8e4bc4cb6ec051278b3d61, type: 3}
      propertyPath: m_LocalRotation.x
      value: -0
      objectReference: {fileID: 0}
    - target: {fileID: 4000010132593624, guid: 397161674e8e4bc4cb6ec051278b3d61, type: 3}
      propertyPath: m_LocalRotation.y
      value: -0
      objectReference: {fileID: 0}
    - target: {fileID: 4000010132593624, guid: 397161674e8e4bc4cb6ec051278b3d61, type: 3}
      propertyPath: m_LocalRotation.z
      value: -0
      objectReference: {fileID: 0}
    - target: {fileID: 4000010132593624, guid: 397161674e8e4bc4cb6ec051278b3d61, type: 3}
      propertyPath: m_LocalRotation.w
      value: 1
      objectReference: {fileID: 0}
    - target: {fileID: 4000010132593624, guid: 397161674e8e4bc4cb6ec051278b3d61, type: 3}
      propertyPath: m_RootOrder
      value: 0
      objectReference: {fileID: 0}
    - target: {fileID: 4000010132593624, guid: 397161674e8e4bc4cb6ec051278b3d61, type: 3}
      propertyPath: m_LocalEulerAnglesHint.x
      value: 0
      objectReference: {fileID: 0}
    - target: {fileID: 4000010132593624, guid: 397161674e8e4bc4cb6ec051278b3d61, type: 3}
      propertyPath: m_LocalEulerAnglesHint.y
      value: 0
      objectReference: {fileID: 0}
    - target: {fileID: 4000010132593624, guid: 397161674e8e4bc4cb6ec051278b3d61, type: 3}
      propertyPath: m_LocalEulerAnglesHint.z
      value: 0
      objectReference: {fileID: 0}
    - target: {fileID: 95000011602297196, guid: 397161674e8e4bc4cb6ec051278b3d61,
        type: 3}
      propertyPath: m_ApplyRootMotion
      value: 1
      objectReference: {fileID: 0}
    - target: {fileID: 95000011602297196, guid: 397161674e8e4bc4cb6ec051278b3d61,
        type: 3}
      propertyPath: m_Controller
      value: 
      objectReference: {fileID: 0}
    - target: {fileID: 95000011602297196, guid: 397161674e8e4bc4cb6ec051278b3d61,
        type: 3}
      propertyPath: m_WarningMessage
      value: 
      objectReference: {fileID: 0}
    - target: {fileID: 4000014286365824, guid: 397161674e8e4bc4cb6ec051278b3d61, type: 3}
      propertyPath: m_LocalPosition.x
      value: -0.069
      objectReference: {fileID: 0}
    - target: {fileID: 4000014286365824, guid: 397161674e8e4bc4cb6ec051278b3d61, type: 3}
      propertyPath: m_LocalPosition.y
      value: -0.009
      objectReference: {fileID: 0}
    - target: {fileID: 4000014286365824, guid: 397161674e8e4bc4cb6ec051278b3d61, type: 3}
      propertyPath: m_LocalPosition.z
      value: -0.035
      objectReference: {fileID: 0}
    m_RemovedComponents: []
  m_SourcePrefab: {fileID: 100100000, guid: 397161674e8e4bc4cb6ec051278b3d61, type: 3}
--- !u!1 &795301912127961352 stripped
GameObject:
  m_CorrespondingSourceObject: {fileID: 1000010910297196, guid: 397161674e8e4bc4cb6ec051278b3d61,
    type: 3}
  m_PrefabInstance: {fileID: 795720281083024740}
  m_PrefabAsset: {fileID: 0}
--- !u!1 &795301912575572468 stripped
GameObject:
  m_CorrespondingSourceObject: {fileID: 1000010166987920, guid: 397161674e8e4bc4cb6ec051278b3d61,
    type: 3}
  m_PrefabInstance: {fileID: 795720281083024740}
  m_PrefabAsset: {fileID: 0}
